1	2025-12-29 11:02:16	BBCA	BID	1	7975	2032000
2	2025-12-29 11:02:16	BBCA	BID	2	7950	4586500
3	2025-12-29 11:02:16	BBCA	BID	3	7925	1500600
4	2025-12-29 11:02:16	BBCA	BID	4	7900	2861900
5	2025-12-29 11:02:16	BBCA	BID	5	7875	362700
6	2025-12-29 11:02:16	BBCA	BID	6	7850	833500
7	2025-12-29 11:02:16	BBCA	BID	7	7825	471000
8	2025-12-29 11:02:16	BBCA	BID	8	7800	2426100
9	2025-12-29 11:02:16	BBCA	BID	9	7775	288000
10	2025-12-29 11:02:16	BBCA	BID	10	7750	395100
11	2025-12-29 11:02:16	BBCA	ASK	1	8000	4402400
12	2025-12-29 11:02:16	BBCA	ASK	2	8025	3194300
13	2025-12-29 11:02:16	BBCA	ASK	3	8050	1564700
14	2025-12-29 11:02:16	BBCA	ASK	4	8075	1968000
15	2025-12-29 11:02:16	BBCA	ASK	5	8100	1667500
16	2025-12-29 11:02:16	BBCA	ASK	6	8125	1501300
17	2025-12-29 11:02:16	BBCA	ASK	7	8150	1215000
18	2025-12-29 11:02:16	BBCA	ASK	8	8175	851700
19	2025-12-29 11:02:16	BBCA	ASK	9	8200	2250400
20	2025-12-29 11:02:16	BBCA	ASK	10	8225	775400
21	2025-12-29 11:02:18	BBRI	BID	1	3770	10606800
22	2025-12-29 11:02:18	BBRI	BID	2	3760	6374000
23	2025-12-29 11:02:18	BBRI	BID	3	3750	9516400
24	2025-12-29 11:02:18	BBRI	BID	4	3740	5545200
25	2025-12-29 11:02:18	BBRI	BID	5	3730	3580600
26	2025-12-29 11:02:18	BBRI	BID	6	3720	2650700
27	2025-12-29 11:02:18	BBRI	BID	7	3710	1629700
28	2025-12-29 11:02:18	BBRI	BID	8	3700	5213400
29	2025-12-29 11:02:18	BBRI	BID	9	3690	1731100
30	2025-12-29 11:02:18	BBRI	BID	10	3680	2413700
31	2025-12-29 11:02:18	BBRI	ASK	1	3780	724200
32	2025-12-29 11:02:18	BBRI	ASK	2	3790	7843800
33	2025-12-29 11:02:18	BBRI	ASK	3	3800	8824400
34	2025-12-29 11:02:18	BBRI	ASK	4	3810	2158000
35	2025-12-29 11:02:18	BBRI	ASK	5	3820	3801600
36	2025-12-29 11:02:18	BBRI	ASK	6	3830	2757300
37	2025-12-29 11:02:18	BBRI	ASK	7	3840	1923100
38	2025-12-29 11:02:18	BBRI	ASK	8	3850	5049200
39	2025-12-29 11:02:18	BBRI	ASK	9	3860	1491800
40	2025-12-29 11:02:18	BBRI	ASK	10	3870	3635800
41	2025-12-29 11:02:19	BMRI	BID	1	5075	1288800
42	2025-12-29 11:02:19	BMRI	BID	2	5050	2222200
43	2025-12-29 11:02:19	BMRI	BID	3	5025	2244000
44	2025-12-29 11:02:19	BMRI	BID	4	5000	5350600
45	2025-12-29 11:02:19	BMRI	BID	5	4990	696800
46	2025-12-29 11:02:19	BMRI	BID	6	4980	552900
47	2025-12-29 11:02:19	BMRI	BID	7	4970	292200
48	2025-12-29 11:02:19	BMRI	BID	8	4960	227900
49	2025-12-29 11:02:19	BMRI	BID	9	4950	2516500
50	2025-12-29 11:02:19	BMRI	BID	10	4940	65700
51	2025-12-29 11:02:19	BMRI	ASK	1	5100	1924600
52	2025-12-29 11:02:19	BMRI	ASK	2	5125	2069800
53	2025-12-29 11:02:19	BMRI	ASK	3	5150	4377100
54	2025-12-29 11:02:19	BMRI	ASK	4	5175	4456500
55	2025-12-29 11:02:19	BMRI	ASK	5	5200	6689800
56	2025-12-29 11:02:19	BMRI	ASK	6	5225	2851300
57	2025-12-29 11:02:19	BMRI	ASK	7	5250	4350600
58	2025-12-29 11:02:19	BMRI	ASK	8	5275	2964100
59	2025-12-29 11:02:19	BMRI	ASK	9	5300	3235000
60	2025-12-29 11:02:19	BMRI	ASK	10	5325	778600
61	2025-12-29 11:02:19	BBNI	BID	1	4300	133600
62	2025-12-29 11:02:19	BBNI	BID	2	4290	859300
63	2025-12-29 11:02:19	BBNI	BID	3	4280	506800
64	2025-12-29 11:02:19	BBNI	BID	4	4270	836800
65	2025-12-29 11:02:19	BBNI	BID	5	4260	168600
66	2025-12-29 11:02:19	BBNI	BID	6	4250	601600
67	2025-12-29 11:02:19	BBNI	BID	7	4240	177200
68	2025-12-29 11:02:19	BBNI	BID	8	4230	141400
69	2025-12-29 11:02:19	BBNI	BID	9	4220	241400
70	2025-12-29 11:02:19	BBNI	BID	10	4210	115600
71	2025-12-29 11:02:19	BBNI	ASK	1	4310	361900
72	2025-12-29 11:02:19	BBNI	ASK	2	4320	459300
73	2025-12-29 11:02:19	BBNI	ASK	3	4330	171100
74	2025-12-29 11:02:19	BBNI	ASK	4	4340	323000
75	2025-12-29 11:02:19	BBNI	ASK	5	4350	547100
76	2025-12-29 11:02:19	BBNI	ASK	6	4360	141600
77	2025-12-29 11:02:19	BBNI	ASK	7	4370	218500
78	2025-12-29 11:02:19	BBNI	ASK	8	4380	284700
79	2025-12-29 11:02:19	BBNI	ASK	9	4390	404800
80	2025-12-29 11:02:19	BBNI	ASK	10	4400	316800
81	2025-12-29 11:02:20	TLKM	BID	1	3520	426600
82	2025-12-29 11:02:20	TLKM	BID	2	3510	567200
83	2025-12-29 11:02:20	TLKM	BID	3	3500	1269000
84	2025-12-29 11:02:20	TLKM	BID	4	3490	1330500
85	2025-12-29 11:02:20	TLKM	BID	5	3480	1010800
86	2025-12-29 11:02:20	TLKM	BID	6	3470	1620100
87	2025-12-29 11:02:20	TLKM	BID	7	3460	1440400
88	2025-12-29 11:02:20	TLKM	BID	8	3450	380000
89	2025-12-29 11:02:20	TLKM	BID	9	3440	294700
90	2025-12-29 11:02:20	TLKM	BID	10	3430	258100
91	2025-12-29 11:02:20	TLKM	ASK	1	3530	1070300
92	2025-12-29 11:02:20	TLKM	ASK	2	3540	957300
93	2025-12-29 11:02:20	TLKM	ASK	3	3550	1890400
94	2025-12-29 11:02:20	TLKM	ASK	4	3560	663700
95	2025-12-29 11:02:20	TLKM	ASK	5	3570	1176400
96	2025-12-29 11:02:20	TLKM	ASK	6	3580	309500
97	2025-12-29 11:02:20	TLKM	ASK	7	3590	525200
98	2025-12-29 11:02:20	TLKM	ASK	8	3600	1879200
99	2025-12-29 11:02:20	TLKM	ASK	9	3610	113700
100	2025-12-29 11:02:20	TLKM	ASK	10	3620	197200
101	2025-12-29 11:02:20	ASII	BID	1	6675	322400
102	2025-12-29 11:02:20	ASII	BID	2	6650	678200
103	2025-12-29 11:02:20	ASII	BID	3	6625	158900
104	2025-12-29 11:02:20	ASII	BID	4	6600	902000
105	2025-12-29 11:02:20	ASII	BID	5	6575	37500
106	2025-12-29 11:02:20	ASII	BID	6	6550	92200
107	2025-12-29 11:02:20	ASII	BID	7	6525	125300
108	2025-12-29 11:02:20	ASII	BID	8	6500	418600
109	2025-12-29 11:02:20	ASII	BID	9	6475	80900
110	2025-12-29 11:02:20	ASII	BID	10	6450	408300
111	2025-12-29 11:02:20	ASII	ASK	1	6700	1041300
112	2025-12-29 11:02:20	ASII	ASK	2	6725	424700
113	2025-12-29 11:02:20	ASII	ASK	3	6750	776700
114	2025-12-29 11:02:20	ASII	ASK	4	6775	465500
115	2025-12-29 11:02:20	ASII	ASK	5	6800	1422000
116	2025-12-29 11:02:20	ASII	ASK	6	6825	176900
117	2025-12-29 11:02:20	ASII	ASK	7	6850	555100
118	2025-12-29 11:02:20	ASII	ASK	8	6875	137800
119	2025-12-29 11:02:20	ASII	ASK	9	6900	1101100
120	2025-12-29 11:02:20	ASII	ASK	10	6925	142800
121	2025-12-29 11:02:21	UNVR	BID	1	2590	264900
122	2025-12-29 11:02:21	UNVR	BID	2	2580	708200
123	2025-12-29 11:02:21	UNVR	BID	3	2570	632900
124	2025-12-29 11:02:21	UNVR	BID	4	2560	485800
125	2025-12-29 11:02:21	UNVR	BID	5	2550	202700
126	2025-12-29 11:02:21	UNVR	BID	6	2540	112900
127	2025-12-29 11:02:21	UNVR	BID	7	2530	64900
128	2025-12-29 11:02:21	UNVR	BID	8	2520	153800
129	2025-12-29 11:02:21	UNVR	BID	9	2510	52300
130	2025-12-29 11:02:21	UNVR	BID	10	2500	479200
131	2025-12-29 11:02:21	UNVR	ASK	1	2600	928000
132	2025-12-29 11:02:21	UNVR	ASK	2	2610	508700
133	2025-12-29 11:02:21	UNVR	ASK	3	2620	193800
134	2025-12-29 11:02:21	UNVR	ASK	4	2630	94300
135	2025-12-29 11:02:21	UNVR	ASK	5	2640	116400
136	2025-12-29 11:02:21	UNVR	ASK	6	2650	643100
137	2025-12-29 11:02:21	UNVR	ASK	7	2660	150200
138	2025-12-29 11:02:21	UNVR	ASK	8	2670	117800
139	2025-12-29 11:02:21	UNVR	ASK	9	2680	191000
140	2025-12-29 11:02:21	UNVR	ASK	10	2690	278900
141	2025-12-29 11:02:22	ICBP	BID	1	8200	40000
142	2025-12-29 11:02:22	ICBP	BID	2	8175	54400
143	2025-12-29 11:02:22	ICBP	BID	3	8150	130300
144	2025-12-29 11:02:22	ICBP	BID	4	8125	187900
145	2025-12-29 11:02:22	ICBP	BID	5	8100	203600
146	2025-12-29 11:02:22	ICBP	BID	6	8075	109300
147	2025-12-29 11:02:22	ICBP	BID	7	8050	186900
148	2025-12-29 11:02:22	ICBP	BID	8	8025	213300
149	2025-12-29 11:02:22	ICBP	BID	9	8000	349800
150	2025-12-29 11:02:22	ICBP	BID	10	7975	40400
151	2025-12-29 11:02:22	ICBP	ASK	1	8225	58100
152	2025-12-29 11:02:22	ICBP	ASK	2	8250	82300
153	2025-12-29 11:02:22	ICBP	ASK	3	8275	40700
154	2025-12-29 11:02:22	ICBP	ASK	4	8300	22300
155	2025-12-29 11:02:22	ICBP	ASK	5	8325	20800
156	2025-12-29 11:02:22	ICBP	ASK	6	8350	109100
157	2025-12-29 11:02:22	ICBP	ASK	7	8375	23300
158	2025-12-29 11:02:22	ICBP	ASK	8	8400	143200
159	2025-12-29 11:02:22	ICBP	ASK	9	8425	40000
160	2025-12-29 11:02:22	ICBP	ASK	10	8450	88900
161	2025-12-29 11:02:22	GOTO	BID	1	64	382358900
162	2025-12-29 11:02:22	GOTO	BID	2	63	1205749600
163	2025-12-29 11:02:22	GOTO	BID	3	62	860321800
164	2025-12-29 11:02:22	GOTO	BID	4	61	441168100
165	2025-12-29 11:02:22	GOTO	BID	5	60	356670500
166	2025-12-29 11:02:22	GOTO	BID	6	59	243141100
167	2025-12-29 11:02:22	GOTO	BID	7	58	235997700
168	2025-12-29 11:02:22	GOTO	BID	8	57	134210700
169	2025-12-29 11:02:22	GOTO	BID	9	56	118497400
170	2025-12-29 11:02:22	GOTO	ASK	1	65	739761200
171	2025-12-29 11:02:22	GOTO	ASK	2	66	407761300
172	2025-12-29 11:02:22	GOTO	ASK	3	67	187887600
173	2025-12-29 11:02:22	GOTO	ASK	4	68	218667800
174	2025-12-29 11:02:22	GOTO	ASK	5	69	166990600
175	2025-12-29 11:02:22	GOTO	ASK	6	70	239728600
176	2025-12-29 11:02:22	GOTO	ASK	7	71	140808500
177	2025-12-29 11:02:22	GOTO	ASK	8	72	172262200
178	2025-12-29 11:02:22	GOTO	ASK	9	73	1068910400
179	2025-12-29 11:02:22	GOTO	ASK	10	74	242343700
180	2025-12-29 11:02:23	ARTO	BID	1	1970	112400
181	2025-12-29 11:02:23	ARTO	BID	2	1965	143600
182	2025-12-29 11:02:23	ARTO	BID	3	1960	158800
183	2025-12-29 11:02:23	ARTO	BID	4	1955	110100
184	2025-12-29 11:02:23	ARTO	BID	5	1950	249600
185	2025-12-29 11:02:23	ARTO	BID	6	1945	39400
186	2025-12-29 11:02:23	ARTO	BID	7	1940	208900
187	2025-12-29 11:02:23	ARTO	BID	8	1935	8600
188	2025-12-29 11:02:23	ARTO	BID	9	1930	68600
189	2025-12-29 11:02:23	ARTO	BID	10	1925	8200
190	2025-12-29 11:02:23	ARTO	ASK	1	1975	37300
191	2025-12-29 11:02:23	ARTO	ASK	2	1980	120800
192	2025-12-29 11:02:23	ARTO	ASK	3	1985	21800
193	2025-12-29 11:02:23	ARTO	ASK	4	1990	49400
194	2025-12-29 11:02:23	ARTO	ASK	5	1995	36900
195	2025-12-29 11:02:23	ARTO	ASK	6	2000	169800
196	2025-12-29 11:02:23	ARTO	ASK	7	2010	92500
197	2025-12-29 11:02:23	ARTO	ASK	8	2020	116900
198	2025-12-29 11:02:23	ARTO	ASK	9	2030	200300
199	2025-12-29 11:02:23	ARTO	ASK	10	2040	235900
200	2025-12-29 11:02:24	MDKA	BID	1	2300	200000
201	2025-12-29 11:02:24	MDKA	BID	2	2290	300000
202	2025-12-29 11:02:24	MDKA	BID	3	2280	568900
203	2025-12-29 11:02:24	MDKA	BID	4	2270	235400
204	2025-12-29 11:02:24	MDKA	BID	5	2260	352000
205	2025-12-29 11:02:24	MDKA	BID	6	2250	714500
206	2025-12-29 11:02:24	MDKA	BID	7	2240	101900
207	2025-12-29 11:02:24	MDKA	BID	8	2230	197600
208	2025-12-29 11:02:24	MDKA	BID	9	2220	185200
209	2025-12-29 11:02:24	MDKA	BID	10	2210	819500
210	2025-12-29 11:02:24	MDKA	ASK	1	2310	567500
211	2025-12-29 11:02:24	MDKA	ASK	2	2320	573500
212	2025-12-29 11:02:24	MDKA	ASK	3	2330	490200
213	2025-12-29 11:02:24	MDKA	ASK	4	2340	1268300
214	2025-12-29 11:02:24	MDKA	ASK	5	2350	3665300
215	2025-12-29 11:02:24	MDKA	ASK	6	2360	1722700
216	2025-12-29 11:02:24	MDKA	ASK	7	2370	368500
217	2025-12-29 11:02:24	MDKA	ASK	8	2380	1177100
218	2025-12-29 11:02:24	MDKA	ASK	9	2390	193300
219	2025-12-29 11:02:24	MDKA	ASK	10	2400	886100
220	2025-12-29 11:02:25	ADRO	BID	1	1925	2928300
221	2025-12-29 11:02:25	ADRO	BID	2	1920	2369500
222	2025-12-29 11:02:25	ADRO	BID	3	1915	2911900
223	2025-12-29 11:02:25	ADRO	BID	4	1910	1691400
224	2025-12-29 11:02:25	ADRO	BID	5	1905	1508900
225	2025-12-29 11:02:25	ADRO	BID	6	1900	2642100
226	2025-12-29 11:02:25	ADRO	BID	7	1895	2680500
227	2025-12-29 11:02:25	ADRO	BID	8	1890	5820500
228	2025-12-29 11:02:25	ADRO	BID	9	1885	1366600
229	2025-12-29 11:02:25	ADRO	BID	10	1880	2140100
230	2025-12-29 11:02:25	ADRO	ASK	1	1930	3318600
231	2025-12-29 11:02:25	ADRO	ASK	2	1935	3315100
232	2025-12-29 11:02:25	ADRO	ASK	3	1940	4102200
233	2025-12-29 11:02:25	ADRO	ASK	4	1945	3547300
234	2025-12-29 11:02:25	ADRO	ASK	5	1950	6532300
235	2025-12-29 11:02:25	ADRO	ASK	6	1955	1384000
236	2025-12-29 11:02:25	ADRO	ASK	7	1960	1633100
237	2025-12-29 11:02:25	ADRO	ASK	8	1965	858300
238	2025-12-29 11:02:25	ADRO	ASK	9	1970	1773900
239	2025-12-29 11:02:25	ADRO	ASK	10	1975	2230600
240	2025-12-29 11:02:25	PTBA	BID	1	2270	270000
241	2025-12-29 11:02:25	PTBA	BID	2	2260	667800
242	2025-12-29 11:02:25	PTBA	BID	3	2250	1611500
243	2025-12-29 11:02:25	PTBA	BID	4	2240	406900
244	2025-12-29 11:02:25	PTBA	BID	5	2230	135000
245	2025-12-29 11:02:25	PTBA	BID	6	2220	152900
246	2025-12-29 11:02:25	PTBA	BID	7	2210	321000
247	2025-12-29 11:02:25	PTBA	BID	8	2200	1002400
248	2025-12-29 11:02:25	PTBA	BID	9	2190	282500
249	2025-12-29 11:02:25	PTBA	BID	10	2180	192700
250	2025-12-29 11:02:25	PTBA	ASK	1	2280	409400
251	2025-12-29 11:02:25	PTBA	ASK	2	2290	604200
252	2025-12-29 11:02:25	PTBA	ASK	3	2300	1145700
253	2025-12-29 11:02:25	PTBA	ASK	4	2310	233400
254	2025-12-29 11:02:25	PTBA	ASK	5	2320	410200
255	2025-12-29 11:02:25	PTBA	ASK	6	2330	241000
256	2025-12-29 11:02:25	PTBA	ASK	7	2340	37000
257	2025-12-29 11:02:25	PTBA	ASK	8	2350	146600
258	2025-12-29 11:02:25	PTBA	ASK	9	2360	72600
259	2025-12-29 11:02:25	PTBA	ASK	10	2370	90100
260	2025-12-29 11:02:26	UNTR	BID	1	29525	18400
261	2025-12-29 11:02:26	UNTR	BID	2	29500	13800
262	2025-12-29 11:02:26	UNTR	BID	3	29475	3100
263	2025-12-29 11:02:26	UNTR	BID	4	29450	7200
264	2025-12-29 11:02:26	UNTR	BID	5	29425	8700
265	2025-12-29 11:02:26	UNTR	BID	6	29400	5700
266	2025-12-29 11:02:26	UNTR	BID	7	29375	16600
267	2025-12-29 11:02:26	UNTR	BID	8	29350	2300
268	2025-12-29 11:02:26	UNTR	BID	9	29325	800
269	2025-12-29 11:02:26	UNTR	BID	10	29300	4900
270	2025-12-29 11:02:26	UNTR	ASK	1	29550	5000
271	2025-12-29 11:02:26	UNTR	ASK	2	29575	9000
272	2025-12-29 11:02:26	UNTR	ASK	3	29600	1200
273	2025-12-29 11:02:26	UNTR	ASK	4	29625	3100
274	2025-12-29 11:02:26	UNTR	ASK	5	29650	2100
275	2025-12-29 11:02:26	UNTR	ASK	6	29675	300
276	2025-12-29 11:02:26	UNTR	ASK	7	29700	2300
277	2025-12-29 11:02:26	UNTR	ASK	8	29750	3900
278	2025-12-29 11:02:26	UNTR	ASK	9	29775	39700
279	2025-12-29 11:02:26	UNTR	ASK	10	29800	6100
280	2025-12-29 11:02:27	ITMG	BID	1	21800	1400
281	2025-12-29 11:02:27	ITMG	BID	2	21775	6600
282	2025-12-29 11:02:27	ITMG	BID	3	21750	6400
283	2025-12-29 11:02:27	ITMG	BID	4	21725	8800
284	2025-12-29 11:02:27	ITMG	BID	5	21700	16000
285	2025-12-29 11:02:27	ITMG	BID	6	21675	17600
286	2025-12-29 11:02:27	ITMG	BID	7	21650	4000
287	2025-12-29 11:02:27	ITMG	BID	8	21625	8500
288	2025-12-29 11:02:27	ITMG	BID	9	21600	9800
289	2025-12-29 11:02:27	ITMG	BID	10	21575	4100
290	2025-12-29 11:02:27	ITMG	ASK	1	21825	10100
291	2025-12-29 11:02:27	ITMG	ASK	2	21850	37300
292	2025-12-29 11:02:27	ITMG	ASK	3	21875	12000
293	2025-12-29 11:02:27	ITMG	ASK	4	21900	33700
294	2025-12-29 11:02:27	ITMG	ASK	5	21950	1200
295	2025-12-29 11:02:27	ITMG	ASK	6	21975	2800
296	2025-12-29 11:02:27	ITMG	ASK	7	22000	21000
297	2025-12-29 11:02:27	ITMG	ASK	8	22025	3100
298	2025-12-29 11:02:27	ITMG	ASK	9	22050	1500
299	2025-12-29 11:02:27	ITMG	ASK	10	22075	7700
300	2025-12-29 11:02:27	PGAS	BID	1	1900	532000
301	2025-12-29 11:02:27	PGAS	BID	2	1895	287200
302	2025-12-29 11:02:27	PGAS	BID	3	1890	473000
303	2025-12-29 11:02:27	PGAS	BID	4	1885	359600
304	2025-12-29 11:02:27	PGAS	BID	5	1880	331800
305	2025-12-29 11:02:27	PGAS	BID	6	1875	418000
306	2025-12-29 11:02:27	PGAS	BID	7	1870	672700
307	2025-12-29 11:02:27	PGAS	BID	8	1865	62700
308	2025-12-29 11:02:27	PGAS	BID	9	1860	154300
309	2025-12-29 11:02:27	PGAS	BID	10	1855	21100
310	2025-12-29 11:02:27	PGAS	ASK	1	1905	284800
311	2025-12-29 11:02:27	PGAS	ASK	2	1910	541500
312	2025-12-29 11:02:27	PGAS	ASK	3	1915	670500
313	2025-12-29 11:02:27	PGAS	ASK	4	1920	1450200
314	2025-12-29 11:02:27	PGAS	ASK	5	1925	1913700
315	2025-12-29 11:02:27	PGAS	ASK	6	1930	1132700
316	2025-12-29 11:02:27	PGAS	ASK	7	1935	903000
317	2025-12-29 11:02:27	PGAS	ASK	8	1940	355500
318	2025-12-29 11:02:27	PGAS	ASK	9	1945	669100
319	2025-12-29 11:02:27	PGAS	ASK	10	1950	1356300
320	2025-12-29 11:02:28	INCO	BID	1	5075	86100
321	2025-12-29 11:02:28	INCO	BID	2	5050	279500
322	2025-12-29 11:02:28	INCO	BID	3	5025	163400
323	2025-12-29 11:02:28	INCO	BID	4	5000	371300
324	2025-12-29 11:02:28	INCO	BID	5	4990	120700
325	2025-12-29 11:02:28	INCO	BID	6	4980	80900
326	2025-12-29 11:02:28	INCO	BID	7	4970	12800
327	2025-12-29 11:02:28	INCO	BID	8	4960	114600
328	2025-12-29 11:02:28	INCO	BID	9	4950	136200
329	2025-12-29 11:02:28	INCO	BID	10	4940	3800
330	2025-12-29 11:02:28	INCO	ASK	1	5100	145100
331	2025-12-29 11:02:28	INCO	ASK	2	5125	154800
332	2025-12-29 11:02:28	INCO	ASK	3	5150	151500
333	2025-12-29 11:02:28	INCO	ASK	4	5175	205500
334	2025-12-29 11:02:28	INCO	ASK	5	5200	251500
335	2025-12-29 11:02:28	INCO	ASK	6	5225	297400
336	2025-12-29 11:02:28	INCO	ASK	7	5250	657100
337	2025-12-29 11:02:28	INCO	ASK	8	5275	986000
338	2025-12-29 11:02:28	INCO	ASK	9	5300	1579300
339	2025-12-29 11:02:28	INCO	ASK	10	5325	878900
340	2025-12-29 11:02:29	ANTM	BID	1	3340	1112100
341	2025-12-29 11:02:29	ANTM	BID	2	3330	746900
342	2025-12-29 11:02:29	ANTM	BID	3	3320	1365400
343	2025-12-29 11:02:29	ANTM	BID	4	3310	2583500
344	2025-12-29 11:02:29	ANTM	BID	5	3300	2071200
345	2025-12-29 11:02:29	ANTM	BID	6	3290	1238900
346	2025-12-29 11:02:29	ANTM	BID	7	3280	1033400
347	2025-12-29 11:02:29	ANTM	BID	8	3270	1407200
348	2025-12-29 11:02:29	ANTM	BID	9	3260	1193700
349	2025-12-29 11:02:29	ANTM	BID	10	3250	1384800
350	2025-12-29 11:02:29	ANTM	ASK	1	3350	7571200
351	2025-12-29 11:02:29	ANTM	ASK	2	3360	2025400
352	2025-12-29 11:02:29	ANTM	ASK	3	3370	3530200
353	2025-12-29 11:02:29	ANTM	ASK	4	3380	3910400
354	2025-12-29 11:02:29	ANTM	ASK	5	3390	2531800
355	2025-12-29 11:02:29	ANTM	ASK	6	3400	8063300
356	2025-12-29 11:02:29	ANTM	ASK	7	3410	1199100
357	2025-12-29 11:02:29	ANTM	ASK	8	3420	831200
358	2025-12-29 11:02:29	ANTM	ASK	9	3430	748500
359	2025-12-29 11:02:29	ANTM	ASK	10	3440	381600
360	2025-12-29 11:02:30	TINS	BID	1	3250	150500
361	2025-12-29 11:02:30	TINS	BID	2	3240	236200
362	2025-12-29 11:02:30	TINS	BID	3	3230	514500
363	2025-12-29 11:02:30	TINS	BID	4	3220	1213700
364	2025-12-29 11:02:30	TINS	BID	5	3210	366000
365	2025-12-29 11:02:30	TINS	BID	6	3200	571300
366	2025-12-29 11:02:30	TINS	BID	7	3190	115200
367	2025-12-29 11:02:30	TINS	BID	8	3180	175300
368	2025-12-29 11:02:30	TINS	BID	9	3170	361400
369	2025-12-29 11:02:30	TINS	BID	10	3160	115000
370	2025-12-29 11:02:30	TINS	ASK	1	3260	203900
371	2025-12-29 11:02:30	TINS	ASK	2	3270	259300
372	2025-12-29 11:02:30	TINS	ASK	3	3280	140100
373	2025-12-29 11:02:30	TINS	ASK	4	3290	258200
374	2025-12-29 11:02:30	TINS	ASK	5	3300	203900
375	2025-12-29 11:02:30	TINS	ASK	6	3310	222000
376	2025-12-29 11:02:30	TINS	ASK	7	3320	332400
377	2025-12-29 11:02:30	TINS	ASK	8	3330	322700
378	2025-12-29 11:02:30	TINS	ASK	9	3340	572600
379	2025-12-29 11:02:30	TINS	ASK	10	3350	1665900
380	2025-12-29 11:02:30	MEDC	BID	1	1305	131900
381	2025-12-29 11:02:30	MEDC	BID	2	1300	87000
382	2025-12-29 11:02:30	MEDC	BID	3	1295	161900
383	2025-12-29 11:02:30	MEDC	BID	4	1290	604500
384	2025-12-29 11:02:30	MEDC	BID	5	1285	647200
385	2025-12-29 11:02:30	MEDC	BID	6	1280	641200
386	2025-12-29 11:02:30	MEDC	BID	7	1275	1140500
387	2025-12-29 11:02:30	MEDC	BID	8	1270	1184600
388	2025-12-29 11:02:30	MEDC	BID	9	1265	165800
389	2025-12-29 11:02:30	MEDC	BID	10	1260	217900
390	2025-12-29 11:02:30	MEDC	ASK	1	1310	137700
391	2025-12-29 11:02:30	MEDC	ASK	2	1315	173300
392	2025-12-29 11:02:30	MEDC	ASK	3	1320	394000
393	2025-12-29 11:02:30	MEDC	ASK	4	1325	507400
394	2025-12-29 11:02:30	MEDC	ASK	5	1330	530300
395	2025-12-29 11:02:30	MEDC	ASK	6	1335	922100
396	2025-12-29 11:02:30	MEDC	ASK	7	1340	1260100
397	2025-12-29 11:02:30	MEDC	ASK	8	1345	1637500
398	2025-12-29 11:02:30	MEDC	ASK	9	1350	2716500
399	2025-12-29 11:02:30	MEDC	ASK	10	1355	132800
400	2025-12-29 11:02:31	INKP	BID	1	8250	33400
401	2025-12-29 11:02:31	INKP	BID	2	8225	273000
402	2025-12-29 11:02:31	INKP	BID	3	8200	289400
403	2025-12-29 11:02:31	INKP	BID	4	8175	274600
404	2025-12-29 11:02:31	INKP	BID	5	8150	268600
405	2025-12-29 11:02:31	INKP	BID	6	8125	249700
406	2025-12-29 11:02:31	INKP	BID	7	8100	268700
407	2025-12-29 11:02:31	INKP	BID	8	8075	203100
408	2025-12-29 11:02:31	INKP	BID	9	8050	20400
409	2025-12-29 11:02:31	INKP	BID	10	8025	35000
410	2025-12-29 11:02:31	INKP	ASK	1	8275	129200
411	2025-12-29 11:02:31	INKP	ASK	2	8300	235400
412	2025-12-29 11:02:31	INKP	ASK	3	8325	191200
413	2025-12-29 11:02:31	INKP	ASK	4	8350	231400
414	2025-12-29 11:02:31	INKP	ASK	5	8375	47300
415	2025-12-29 11:02:31	INKP	ASK	6	8400	101300
416	2025-12-29 11:02:31	INKP	ASK	7	8425	16200
417	2025-12-29 11:02:31	INKP	ASK	8	8450	121900
418	2025-12-29 11:02:31	INKP	ASK	9	8475	209200
419	2025-12-29 11:02:31	INKP	ASK	10	8500	193700
420	2025-12-29 11:02:32	TKIM	BID	1	7200	10900
421	2025-12-29 11:02:32	TKIM	BID	2	7175	17300
422	2025-12-29 11:02:32	TKIM	BID	3	7150	36900
423	2025-12-29 11:02:32	TKIM	BID	4	7125	35700
424	2025-12-29 11:02:32	TKIM	BID	5	7100	69800
425	2025-12-29 11:02:32	TKIM	BID	6	7075	28400
426	2025-12-29 11:02:32	TKIM	BID	7	7050	79700
427	2025-12-29 11:02:32	TKIM	BID	8	7025	87300
428	2025-12-29 11:02:32	TKIM	BID	9	7000	113100
429	2025-12-29 11:02:32	TKIM	BID	10	6975	18000
430	2025-12-29 11:02:32	TKIM	ASK	1	7225	36200
431	2025-12-29 11:02:32	TKIM	ASK	2	7250	6200
432	2025-12-29 11:02:32	TKIM	ASK	3	7275	10800
433	2025-12-29 11:02:32	TKIM	ASK	4	7300	68000
434	2025-12-29 11:02:32	TKIM	ASK	5	7325	13600
435	2025-12-29 11:02:32	TKIM	ASK	6	7350	52200
436	2025-12-29 11:02:32	TKIM	ASK	7	7375	11400
437	2025-12-29 11:02:32	TKIM	ASK	8	7400	47400
438	2025-12-29 11:02:32	TKIM	ASK	9	7425	13400
439	2025-12-29 11:02:32	TKIM	ASK	10	7450	34600
440	2025-12-29 11:02:33	KLBF	BID	1	1220	1253600
441	2025-12-29 11:02:33	KLBF	BID	2	1215	396400
442	2025-12-29 11:02:33	KLBF	BID	3	1210	404000
443	2025-12-29 11:02:33	KLBF	BID	4	1205	248400
444	2025-12-29 11:02:33	KLBF	BID	5	1200	491400
445	2025-12-29 11:02:33	KLBF	BID	6	1195	1198800
446	2025-12-29 11:02:33	KLBF	BID	7	1190	538700
447	2025-12-29 11:02:33	KLBF	BID	8	1185	328300
448	2025-12-29 11:02:33	KLBF	BID	9	1180	485700
449	2025-12-29 11:02:33	KLBF	BID	10	1175	793100
450	2025-12-29 11:02:33	KLBF	ASK	1	1225	411900
451	2025-12-29 11:02:33	KLBF	ASK	2	1230	871200
452	2025-12-29 11:02:33	KLBF	ASK	3	1235	411300
453	2025-12-29 11:02:33	KLBF	ASK	4	1240	406000
454	2025-12-29 11:02:33	KLBF	ASK	5	1245	374700
455	2025-12-29 11:02:33	KLBF	ASK	6	1250	3391000
456	2025-12-29 11:02:33	KLBF	ASK	7	1255	525900
457	2025-12-29 11:02:33	KLBF	ASK	8	1260	384600
458	2025-12-29 11:02:33	KLBF	ASK	9	1265	198300
459	2025-12-29 11:02:33	KLBF	ASK	10	1270	1249400
460	2025-12-29 11:02:33	CPIN	BID	1	4580	66200
461	2025-12-29 11:02:33	CPIN	BID	2	4570	6700
462	2025-12-29 11:02:33	CPIN	BID	3	4560	11200
463	2025-12-29 11:02:33	CPIN	BID	4	4550	224100
464	2025-12-29 11:02:33	CPIN	BID	5	4540	34000
465	2025-12-29 11:02:33	CPIN	BID	6	4530	82000
466	2025-12-29 11:02:33	CPIN	BID	7	4520	55100
467	2025-12-29 11:02:33	CPIN	BID	8	4510	63600
468	2025-12-29 11:02:33	CPIN	BID	9	4500	220200
469	2025-12-29 11:02:33	CPIN	BID	10	4490	20800
470	2025-12-29 11:02:33	CPIN	ASK	1	4590	10700
471	2025-12-29 11:02:33	CPIN	ASK	2	4600	35400
472	2025-12-29 11:02:33	CPIN	ASK	3	4610	47900
473	2025-12-29 11:02:33	CPIN	ASK	4	4620	171400
474	2025-12-29 11:02:33	CPIN	ASK	5	4630	43600
475	2025-12-29 11:02:33	CPIN	ASK	6	4640	98300
476	2025-12-29 11:02:33	CPIN	ASK	7	4650	135800
477	2025-12-29 11:02:33	CPIN	ASK	8	4660	14700
478	2025-12-29 11:02:33	CPIN	ASK	9	4670	7700
479	2025-12-29 11:02:33	CPIN	ASK	10	4680	86800
480	2025-12-29 11:02:34	JPFA	BID	1	2660	104900
481	2025-12-29 11:02:34	JPFA	BID	2	2650	46800
482	2025-12-29 11:02:34	JPFA	BID	3	2640	45000
483	2025-12-29 11:02:34	JPFA	BID	4	2630	93300
484	2025-12-29 11:02:34	JPFA	BID	5	2620	122200
485	2025-12-29 11:02:34	JPFA	BID	6	2610	110000
486	2025-12-29 11:02:34	JPFA	BID	7	2600	395500
487	2025-12-29 11:02:34	JPFA	BID	8	2590	259300
488	2025-12-29 11:02:34	JPFA	BID	9	2580	66800
489	2025-12-29 11:02:34	JPFA	BID	10	2570	54800
490	2025-12-29 11:02:34	JPFA	ASK	1	2670	91500
491	2025-12-29 11:02:34	JPFA	ASK	2	2680	189600
492	2025-12-29 11:02:34	JPFA	ASK	3	2690	121400
493	2025-12-29 11:02:34	JPFA	ASK	4	2700	1090400
494	2025-12-29 11:02:34	JPFA	ASK	5	2710	77500
495	2025-12-29 11:02:34	JPFA	ASK	6	2720	43700
496	2025-12-29 11:02:34	JPFA	ASK	7	2730	96800
497	2025-12-29 11:02:34	JPFA	ASK	8	2740	248200
498	2025-12-29 11:02:34	JPFA	ASK	9	2750	617300
499	2025-12-29 11:02:34	JPFA	ASK	10	2760	33700
500	2025-12-29 11:02:35	SMGR	BID	1	2620	141400
501	2025-12-29 11:02:35	SMGR	BID	2	2610	374500
502	2025-12-29 11:02:35	SMGR	BID	3	2600	933600
503	2025-12-29 11:02:35	SMGR	BID	4	2590	79900
504	2025-12-29 11:02:35	SMGR	BID	5	2580	164600
505	2025-12-29 11:02:35	SMGR	BID	6	2570	80700
506	2025-12-29 11:02:35	SMGR	BID	7	2560	261900
507	2025-12-29 11:02:35	SMGR	BID	8	2550	395000
508	2025-12-29 11:02:35	SMGR	BID	9	2540	58400
509	2025-12-29 11:02:35	SMGR	BID	10	2530	71600
510	2025-12-29 11:02:35	SMGR	ASK	1	2630	5000
511	2025-12-29 11:02:35	SMGR	ASK	2	2640	62400
512	2025-12-29 11:02:35	SMGR	ASK	3	2650	56300
513	2025-12-29 11:02:35	SMGR	ASK	4	2660	67100
514	2025-12-29 11:02:35	SMGR	ASK	5	2670	82500
515	2025-12-29 11:02:35	SMGR	ASK	6	2680	80600
516	2025-12-29 11:02:35	SMGR	ASK	7	2690	70000
517	2025-12-29 11:02:35	SMGR	ASK	8	2700	175600
518	2025-12-29 11:02:35	SMGR	ASK	9	2710	55000
519	2025-12-29 11:02:35	SMGR	ASK	10	2720	16700
520	2025-12-29 11:02:36	INTP	BID	1	7000	18600
521	2025-12-29 11:02:36	INTP	BID	2	6975	25300
522	2025-12-29 11:02:36	INTP	BID	3	6950	128600
523	2025-12-29 11:02:36	INTP	BID	4	6925	6900
524	2025-12-29 11:02:36	INTP	BID	5	6900	26900
525	2025-12-29 11:02:36	INTP	BID	6	6875	10600
526	2025-12-29 11:02:36	INTP	BID	7	6850	12700
527	2025-12-29 11:02:36	INTP	BID	8	6825	6200
528	2025-12-29 11:02:36	INTP	BID	9	6800	30900
529	2025-12-29 11:02:36	INTP	BID	10	6775	900
530	2025-12-29 11:02:36	INTP	ASK	1	7025	25000
531	2025-12-29 11:02:36	INTP	ASK	2	7050	17000
532	2025-12-29 11:02:36	INTP	ASK	3	7075	77900
533	2025-12-29 11:02:36	INTP	ASK	4	7100	32700
534	2025-12-29 11:02:36	INTP	ASK	5	7125	16500
535	2025-12-29 11:02:36	INTP	ASK	6	7150	18300
536	2025-12-29 11:02:36	INTP	ASK	7	7175	7000
537	2025-12-29 11:02:36	INTP	ASK	8	7200	28300
538	2025-12-29 11:02:36	INTP	ASK	9	7225	3000
539	2025-12-29 11:02:36	INTP	ASK	10	7250	41200
540	2025-12-29 11:02:36	BRPT	BID	1	3250	193900
541	2025-12-29 11:02:36	BRPT	BID	2	3240	769100
542	2025-12-29 11:02:36	BRPT	BID	3	3230	172300
543	2025-12-29 11:02:36	BRPT	BID	4	3220	329100
544	2025-12-29 11:02:36	BRPT	BID	5	3210	379800
545	2025-12-29 11:02:36	BRPT	BID	6	3200	1261300
546	2025-12-29 11:02:36	BRPT	BID	7	3190	338400
547	2025-12-29 11:02:36	BRPT	BID	8	3180	179200
548	2025-12-29 11:02:36	BRPT	BID	9	3170	409500
549	2025-12-29 11:02:36	BRPT	BID	10	3160	232100
550	2025-12-29 11:02:36	BRPT	ASK	1	3260	902500
551	2025-12-29 11:02:36	BRPT	ASK	2	3270	755300
552	2025-12-29 11:02:36	BRPT	ASK	3	3280	845100
553	2025-12-29 11:02:36	BRPT	ASK	4	3290	737500
554	2025-12-29 11:02:36	BRPT	ASK	5	3300	1452200
555	2025-12-29 11:02:36	BRPT	ASK	6	3310	153200
556	2025-12-29 11:02:36	BRPT	ASK	7	3320	299900
557	2025-12-29 11:02:36	BRPT	ASK	8	3330	447500
558	2025-12-29 11:02:36	BRPT	ASK	9	3340	288100
559	2025-12-29 11:02:36	BRPT	ASK	10	3350	525200
560	2025-12-29 11:02:37	TPIA	BID	1	7000	791600
561	2025-12-29 11:02:37	TPIA	BID	2	6975	266800
562	2025-12-29 11:02:37	TPIA	BID	3	6950	527800
563	2025-12-29 11:02:37	TPIA	BID	4	6925	141800
564	2025-12-29 11:02:37	TPIA	BID	5	6900	532500
565	2025-12-29 11:02:37	TPIA	BID	6	6875	173000
566	2025-12-29 11:02:37	TPIA	BID	7	6850	277400
567	2025-12-29 11:02:37	TPIA	BID	8	6825	269000
568	2025-12-29 11:02:37	TPIA	BID	9	6800	467500
569	2025-12-29 11:02:37	TPIA	BID	10	6775	103000
570	2025-12-29 11:02:37	TPIA	ASK	1	7025	87900
571	2025-12-29 11:02:37	TPIA	ASK	2	7050	76000
572	2025-12-29 11:02:37	TPIA	ASK	3	7075	223200
573	2025-12-29 11:02:37	TPIA	ASK	4	7100	68400
574	2025-12-29 11:02:37	TPIA	ASK	5	7125	209500
575	2025-12-29 11:02:37	TPIA	ASK	6	7150	221700
576	2025-12-29 11:02:37	TPIA	ASK	7	7175	233700
577	2025-12-29 11:02:37	TPIA	ASK	8	7200	278500
578	2025-12-29 11:02:37	TPIA	ASK	9	7225	196400
579	2025-12-29 11:02:37	TPIA	ASK	10	7250	161700
580	2025-12-29 11:02:38	EXCL	BID	1	3810	76200
581	2025-12-29 11:02:38	EXCL	BID	2	3800	83500
582	2025-12-29 11:02:38	EXCL	BID	3	3790	43300
583	2025-12-29 11:02:38	EXCL	BID	4	3780	93500
584	2025-12-29 11:02:38	EXCL	BID	5	3770	16000
585	2025-12-29 11:02:38	EXCL	BID	6	3760	126600
586	2025-12-29 11:02:38	EXCL	BID	7	3750	42200
587	2025-12-29 11:02:38	EXCL	BID	8	3740	233100
588	2025-12-29 11:02:38	EXCL	BID	9	3730	87600
589	2025-12-29 11:02:38	EXCL	BID	10	3720	139300
590	2025-12-29 11:02:38	EXCL	ASK	1	3830	9300
591	2025-12-29 11:02:38	EXCL	ASK	2	3840	41100
592	2025-12-29 11:02:38	EXCL	ASK	3	3850	207600
593	2025-12-29 11:02:38	EXCL	ASK	4	3860	107900
594	2025-12-29 11:02:38	EXCL	ASK	5	3870	354700
595	2025-12-29 11:02:38	EXCL	ASK	6	3880	138400
596	2025-12-29 11:02:38	EXCL	ASK	7	3890	138700
597	2025-12-29 11:02:38	EXCL	ASK	8	3900	415300
598	2025-12-29 11:02:38	EXCL	ASK	9	3910	120300
599	2025-12-29 11:02:38	EXCL	ASK	10	3920	36900
600	2025-12-29 11:02:39	ISAT	BID	1	2440	62100
601	2025-12-29 11:02:39	ISAT	BID	2	2430	84900
602	2025-12-29 11:02:39	ISAT	BID	3	2420	102600
603	2025-12-29 11:02:39	ISAT	BID	4	2410	80200
604	2025-12-29 11:02:39	ISAT	BID	5	2400	199500
605	2025-12-29 11:02:39	ISAT	BID	6	2390	157900
606	2025-12-29 11:02:39	ISAT	BID	7	2380	135800
607	2025-12-29 11:02:39	ISAT	BID	8	2370	282100
608	2025-12-29 11:02:39	ISAT	BID	9	2360	141800
609	2025-12-29 11:02:39	ISAT	BID	10	2350	209700
610	2025-12-29 11:02:39	ISAT	ASK	1	2450	485300
611	2025-12-29 11:02:39	ISAT	ASK	2	2460	440300
612	2025-12-29 11:02:39	ISAT	ASK	3	2470	359900
613	2025-12-29 11:02:39	ISAT	ASK	4	2480	140700
614	2025-12-29 11:02:39	ISAT	ASK	5	2490	198200
615	2025-12-29 11:02:39	ISAT	ASK	6	2500	349200
616	2025-12-29 11:02:39	ISAT	ASK	7	2510	91300
617	2025-12-29 11:02:39	ISAT	ASK	8	2520	42200
618	2025-12-29 11:02:39	ISAT	ASK	9	2530	99700
619	2025-12-29 11:02:39	ISAT	ASK	10	2540	9700
620	2025-12-29 11:02:41	SCMA	BID	1	334	1445600
621	2025-12-29 11:02:41	SCMA	BID	2	332	4743600
622	2025-12-29 11:02:41	SCMA	BID	3	330	1862400
623	2025-12-29 11:02:41	SCMA	BID	4	328	2536900
624	2025-12-29 11:02:41	SCMA	BID	5	326	2705500
625	2025-12-29 11:02:41	SCMA	BID	6	324	1303900
626	2025-12-29 11:02:41	SCMA	BID	7	322	1616900
627	2025-12-29 11:02:41	SCMA	BID	8	320	1915300
628	2025-12-29 11:02:41	SCMA	BID	9	318	1394700
629	2025-12-29 11:02:41	SCMA	BID	10	316	1183700
630	2025-12-29 11:02:41	SCMA	ASK	1	336	1298500
631	2025-12-29 11:02:41	SCMA	ASK	2	338	1766600
632	2025-12-29 11:02:41	SCMA	ASK	3	340	3713600
633	2025-12-29 11:02:41	SCMA	ASK	4	342	2150200
634	2025-12-29 11:02:41	SCMA	ASK	5	344	1218400
635	2025-12-29 11:02:41	SCMA	ASK	6	346	1351200
636	2025-12-29 11:02:41	SCMA	ASK	7	348	3090900
637	2025-12-29 11:02:41	SCMA	ASK	8	350	4368500
638	2025-12-29 11:02:41	SCMA	ASK	9	352	1440700
639	2025-12-29 11:02:41	SCMA	ASK	10	354	1405400
640	2025-12-29 11:02:43	MNCN	BID	1	258	2020700
641	2025-12-29 11:02:43	MNCN	BID	2	256	3431600
642	2025-12-29 11:02:43	MNCN	BID	3	254	3785200
643	2025-12-29 11:02:43	MNCN	BID	4	252	2464900
644	2025-12-29 11:02:43	MNCN	BID	5	250	5776200
645	2025-12-29 11:02:43	MNCN	BID	6	248	3164100
646	2025-12-29 11:02:43	MNCN	BID	7	246	2542700
647	2025-12-29 11:02:43	MNCN	BID	8	244	1781700
648	2025-12-29 11:02:43	MNCN	BID	9	242	2529500
649	2025-12-29 11:02:43	MNCN	BID	10	240	2658100
650	2025-12-29 11:02:43	MNCN	ASK	1	260	978900
651	2025-12-29 11:02:43	MNCN	ASK	2	262	1474900
652	2025-12-29 11:02:43	MNCN	ASK	3	264	2419000
653	2025-12-29 11:02:43	MNCN	ASK	4	266	1909200
654	2025-12-29 11:02:43	MNCN	ASK	5	268	1802700
655	2025-12-29 11:02:43	MNCN	ASK	6	270	1539500
656	2025-12-29 11:02:43	MNCN	ASK	7	272	1735100
657	2025-12-29 11:02:43	MNCN	ASK	8	274	689900
658	2025-12-29 11:02:43	MNCN	ASK	9	276	39700
659	2025-12-29 11:02:43	MNCN	ASK	10	278	109700
660	2025-12-29 11:02:45	EMTK	BID	1	1105	1187800
661	2025-12-29 11:02:45	EMTK	BID	2	1100	1666800
662	2025-12-29 11:02:45	EMTK	BID	3	1095	1098400
663	2025-12-29 11:02:45	EMTK	BID	4	1090	1105800
664	2025-12-29 11:02:45	EMTK	BID	5	1085	1757500
665	2025-12-29 11:02:45	EMTK	BID	6	1080	710900
666	2025-12-29 11:02:45	EMTK	BID	7	1075	333000
667	2025-12-29 11:02:45	EMTK	BID	8	1070	799200
668	2025-12-29 11:02:45	EMTK	BID	9	1065	332100
669	2025-12-29 11:02:45	EMTK	BID	10	1060	324000
670	2025-12-29 11:02:45	EMTK	ASK	1	1110	59400
671	2025-12-29 11:02:45	EMTK	ASK	2	1115	443300
672	2025-12-29 11:02:45	EMTK	ASK	3	1120	1066900
673	2025-12-29 11:02:45	EMTK	ASK	4	1125	1561000
674	2025-12-29 11:02:45	EMTK	ASK	5	1130	1214600
675	2025-12-29 11:02:45	EMTK	ASK	6	1135	1545100
676	2025-12-29 11:02:45	EMTK	ASK	7	1140	1253700
677	2025-12-29 11:02:45	EMTK	ASK	8	1145	1521100
678	2025-12-29 11:02:45	EMTK	ASK	9	1150	2376700
679	2025-12-29 11:02:45	EMTK	ASK	10	1155	363400
680	2025-12-29 11:02:46	BUKA	BID	1	158	2323200
681	2025-12-29 11:02:46	BUKA	BID	2	157	3562900
682	2025-12-29 11:02:46	BUKA	BID	3	156	6309400
683	2025-12-29 11:02:46	BUKA	BID	4	155	6914700
684	2025-12-29 11:02:46	BUKA	BID	5	154	1440700
685	2025-12-29 11:02:46	BUKA	BID	6	153	947400
686	2025-12-29 11:02:46	BUKA	BID	7	152	1277400
687	2025-12-29 11:02:46	BUKA	BID	8	151	1477700
688	2025-12-29 11:02:46	BUKA	BID	9	150	3085800
689	2025-12-29 11:02:46	BUKA	BID	10	149	321900
690	2025-12-29 11:02:46	BUKA	ASK	1	159	1667100
691	2025-12-29 11:02:46	BUKA	ASK	2	160	5108100
692	2025-12-29 11:02:46	BUKA	ASK	3	161	5500200
693	2025-12-29 11:02:46	BUKA	ASK	4	162	2306500
694	2025-12-29 11:02:46	BUKA	ASK	5	163	1450200
695	2025-12-29 11:02:46	BUKA	ASK	6	164	1710800
696	2025-12-29 11:02:46	BUKA	ASK	7	165	3017800
697	2025-12-29 11:02:46	BUKA	ASK	8	166	6216900
698	2025-12-29 11:02:46	BUKA	ASK	9	167	2058100
699	2025-12-29 11:02:46	BUKA	ASK	10	168	5134600
700	2025-12-29 11:02:47	BELI	BID	1	482	77700
701	2025-12-29 11:02:47	BELI	BID	2	480	54200
702	2025-12-29 11:02:47	BELI	BID	3	478	100200
703	2025-12-29 11:02:47	BELI	BID	4	476	113000
704	2025-12-29 11:02:47	BELI	BID	5	474	664500
705	2025-12-29 11:02:47	BELI	BID	6	472	153200
706	2025-12-29 11:02:47	BELI	BID	7	470	219300
707	2025-12-29 11:02:47	BELI	BID	8	468	202200
708	2025-12-29 11:02:47	BELI	BID	9	466	220600
709	2025-12-29 11:02:47	BELI	BID	10	464	459600
710	2025-12-29 11:02:47	BELI	ASK	1	484	225300
711	2025-12-29 11:02:47	BELI	ASK	2	486	313500
712	2025-12-29 11:02:47	BELI	ASK	3	488	111400
713	2025-12-29 11:02:47	BELI	ASK	4	490	159800
714	2025-12-29 11:02:47	BELI	ASK	5	492	109600
715	2025-12-29 11:02:47	BELI	ASK	6	494	235100
716	2025-12-29 11:02:47	BELI	ASK	7	496	1202600
717	2025-12-29 11:02:47	BELI	ASK	8	498	680700
718	2025-12-29 11:02:47	BELI	ASK	9	500	682200
719	2025-12-29 11:02:47	BELI	ASK	10	505	130200
720	2025-12-29 11:02:48	WIFI	BID	1	3260	2096100
721	2025-12-29 11:02:48	WIFI	BID	2	3250	730100
722	2025-12-29 11:02:48	WIFI	BID	3	3240	231500
723	2025-12-29 11:02:48	WIFI	BID	4	3230	446000
724	2025-12-29 11:02:48	WIFI	BID	5	3220	260000
725	2025-12-29 11:02:48	WIFI	BID	6	3210	537200
726	2025-12-29 11:02:48	WIFI	BID	7	3200	665400
727	2025-12-29 11:02:48	WIFI	BID	8	3190	576100
728	2025-12-29 11:02:48	WIFI	BID	9	3180	666300
729	2025-12-29 11:02:48	WIFI	BID	10	3170	426400
730	2025-12-29 11:02:48	WIFI	ASK	1	3270	100200
731	2025-12-29 11:02:48	WIFI	ASK	2	3280	231400
732	2025-12-29 11:02:48	WIFI	ASK	3	3290	360000
733	2025-12-29 11:02:48	WIFI	ASK	4	3300	590800
734	2025-12-29 11:02:48	WIFI	ASK	5	3310	128900
735	2025-12-29 11:02:48	WIFI	ASK	6	3320	183500
736	2025-12-29 11:02:48	WIFI	ASK	7	3330	189700
737	2025-12-29 11:02:48	WIFI	ASK	8	3340	153800
738	2025-12-29 11:02:48	WIFI	ASK	9	3350	278000
739	2025-12-29 11:02:48	WIFI	ASK	10	3360	135400
740	2025-12-29 11:02:49	MTEL	BID	1	645	3628500
741	2025-12-29 11:02:49	MTEL	BID	2	640	2336600
742	2025-12-29 11:02:49	MTEL	BID	3	635	2354400
743	2025-12-29 11:02:49	MTEL	BID	4	630	2652700
744	2025-12-29 11:02:49	MTEL	BID	5	625	2053200
745	2025-12-29 11:02:49	MTEL	BID	6	620	3062100
746	2025-12-29 11:02:49	MTEL	BID	7	615	3057400
747	2025-12-29 11:02:49	MTEL	BID	8	610	2563700
748	2025-12-29 11:02:49	MTEL	BID	9	605	3200600
749	2025-12-29 11:02:49	MTEL	BID	10	600	3319800
750	2025-12-29 11:02:49	MTEL	ASK	1	650	3324400
751	2025-12-29 11:02:49	MTEL	ASK	2	655	2933700
752	2025-12-29 11:02:49	MTEL	ASK	3	660	3339600
753	2025-12-29 11:02:49	MTEL	ASK	4	665	1641000
754	2025-12-29 11:02:49	MTEL	ASK	5	670	2172300
755	2025-12-29 11:02:49	MTEL	ASK	6	675	2964300
756	2025-12-29 11:02:49	MTEL	ASK	7	680	5986600
757	2025-12-29 11:02:49	MTEL	ASK	8	685	1218400
758	2025-12-29 11:02:49	MTEL	ASK	9	690	1718100
759	2025-12-29 11:02:49	MTEL	ASK	10	695	1268900
760	2025-12-29 11:02:50	TOWR	BID	1	585	366800
761	2025-12-29 11:02:50	TOWR	BID	2	580	2511400
762	2025-12-29 11:02:50	TOWR	BID	3	575	2641400
763	2025-12-29 11:02:50	TOWR	BID	4	570	1874700
764	2025-12-29 11:02:50	TOWR	BID	5	565	1705700
765	2025-12-29 11:02:50	TOWR	BID	6	560	1813900
766	2025-12-29 11:02:50	TOWR	BID	7	555	640200
767	2025-12-29 11:02:50	TOWR	BID	8	550	1372800
768	2025-12-29 11:02:50	TOWR	BID	9	545	668800
769	2025-12-29 11:02:50	TOWR	BID	10	540	264500
770	2025-12-29 11:02:50	TOWR	ASK	1	590	1829800
771	2025-12-29 11:02:50	TOWR	ASK	2	595	1099700
772	2025-12-29 11:02:50	TOWR	ASK	3	600	4078300
773	2025-12-29 11:02:50	TOWR	ASK	4	605	1288600
774	2025-12-29 11:02:50	TOWR	ASK	5	610	2260200
775	2025-12-29 11:02:50	TOWR	ASK	6	615	4594400
776	2025-12-29 11:02:50	TOWR	ASK	7	620	880200
777	2025-12-29 11:02:50	TOWR	ASK	8	625	836100
778	2025-12-29 11:02:50	TOWR	ASK	9	630	1524800
779	2025-12-29 11:02:50	TOWR	ASK	10	635	605700
780	2025-12-29 11:02:51	TBIG	BID	1	2440	4400
781	2025-12-29 11:02:51	TBIG	BID	2	2430	56300
782	2025-12-29 11:02:51	TBIG	BID	3	2420	41000
783	2025-12-29 11:02:51	TBIG	BID	4	2410	137400
784	2025-12-29 11:02:51	TBIG	BID	5	2400	83000
785	2025-12-29 11:02:51	TBIG	BID	6	2390	5100
786	2025-12-29 11:02:51	TBIG	BID	7	2380	118500
787	2025-12-29 11:02:51	TBIG	BID	8	2370	150800
788	2025-12-29 11:02:51	TBIG	BID	9	2360	127000
789	2025-12-29 11:02:51	TBIG	BID	10	2350	112200
790	2025-12-29 11:02:51	TBIG	ASK	1	2450	24000
791	2025-12-29 11:02:51	TBIG	ASK	2	2460	9100
792	2025-12-29 11:02:51	TBIG	ASK	3	2470	5500
793	2025-12-29 11:02:51	TBIG	ASK	4	2480	34800
794	2025-12-29 11:02:51	TBIG	ASK	5	2490	69800
795	2025-12-29 11:02:51	TBIG	ASK	6	2500	13100
796	2025-12-29 11:02:51	TBIG	ASK	7	2510	7900
797	2025-12-29 11:02:51	TBIG	ASK	8	2520	2900
798	2025-12-29 11:02:51	TBIG	ASK	9	2530	6000
799	2025-12-29 11:02:51	TBIG	ASK	10	2540	44700
800	2025-12-29 11:02:51	BBTN	BID	1	1155	928500
801	2025-12-29 11:02:51	BBTN	BID	2	1150	1986400
802	2025-12-29 11:02:51	BBTN	BID	3	1145	713800
803	2025-12-29 11:02:51	BBTN	BID	4	1140	282300
804	2025-12-29 11:02:51	BBTN	BID	5	1135	1300500
805	2025-12-29 11:02:51	BBTN	BID	6	1130	261600
806	2025-12-29 11:02:51	BBTN	BID	7	1125	171800
807	2025-12-29 11:02:51	BBTN	BID	8	1120	193900
808	2025-12-29 11:02:51	BBTN	BID	9	1115	117200
809	2025-12-29 11:02:51	BBTN	BID	10	1110	354200
810	2025-12-29 11:02:51	BBTN	ASK	1	1160	836200
811	2025-12-29 11:02:51	BBTN	ASK	2	1165	626900
812	2025-12-29 11:02:51	BBTN	ASK	3	1170	453600
813	2025-12-29 11:02:51	BBTN	ASK	4	1175	834800
814	2025-12-29 11:02:51	BBTN	ASK	5	1180	756000
815	2025-12-29 11:02:51	BBTN	ASK	6	1185	360000
816	2025-12-29 11:02:51	BBTN	ASK	7	1190	1366800
817	2025-12-29 11:02:51	BBTN	ASK	8	1195	2760900
818	2025-12-29 11:02:51	BBTN	ASK	9	1200	2111500
819	2025-12-29 11:02:51	BBTN	ASK	10	1205	859500
820	2025-12-29 11:02:52	BRIS	BID	1	2220	868700
821	2025-12-29 11:02:52	BRIS	BID	2	2210	493900
822	2025-12-29 11:02:52	BRIS	BID	3	2200	652200
823	2025-12-29 11:02:52	BRIS	BID	4	2190	123400
824	2025-12-29 11:02:52	BRIS	BID	5	2180	253600
825	2025-12-29 11:02:52	BRIS	BID	6	2170	412000
826	2025-12-29 11:02:52	BRIS	BID	7	2160	116800
827	2025-12-29 11:02:52	BRIS	BID	8	2150	265000
828	2025-12-29 11:02:52	BRIS	BID	9	2140	54900
829	2025-12-29 11:02:52	BRIS	BID	10	2130	37900
830	2025-12-29 11:02:52	BRIS	ASK	1	2230	304700
831	2025-12-29 11:02:52	BRIS	ASK	2	2240	591700
832	2025-12-29 11:02:52	BRIS	ASK	3	2250	500200
833	2025-12-29 11:02:52	BRIS	ASK	4	2260	571800
834	2025-12-29 11:02:52	BRIS	ASK	5	2270	170200
835	2025-12-29 11:02:52	BRIS	ASK	6	2280	60200
836	2025-12-29 11:02:52	BRIS	ASK	7	2290	66500
837	2025-12-29 11:02:52	BRIS	ASK	8	2300	174500
838	2025-12-29 11:02:52	BRIS	ASK	9	2310	96400
839	2025-12-29 11:02:52	BRIS	ASK	10	2320	97400
840	2025-12-29 11:02:53	PNBN	BID	1	1070	20000
841	2025-12-29 11:02:53	PNBN	BID	2	1065	649600
842	2025-12-29 11:02:53	PNBN	BID	3	1060	409200
843	2025-12-29 11:02:53	PNBN	BID	4	1055	364500
844	2025-12-29 11:02:53	PNBN	BID	5	1050	1517900
845	2025-12-29 11:02:53	PNBN	BID	6	1045	220300
846	2025-12-29 11:02:53	PNBN	BID	7	1040	333000
847	2025-12-29 11:02:53	PNBN	BID	8	1035	587800
848	2025-12-29 11:02:53	PNBN	BID	9	1030	867200
849	2025-12-29 11:02:53	PNBN	BID	10	1025	904900
850	2025-12-29 11:02:53	PNBN	ASK	1	1075	128400
851	2025-12-29 11:02:53	PNBN	ASK	2	1080	141300
852	2025-12-29 11:02:53	PNBN	ASK	3	1085	92600
853	2025-12-29 11:02:53	PNBN	ASK	4	1090	166100
854	2025-12-29 11:02:53	PNBN	ASK	5	1095	131700
855	2025-12-29 11:02:53	PNBN	ASK	6	1100	143600
856	2025-12-29 11:02:53	PNBN	ASK	7	1105	144900
857	2025-12-29 11:02:53	PNBN	ASK	8	1110	102400
858	2025-12-29 11:02:53	PNBN	ASK	9	1115	13600
859	2025-12-29 11:02:53	PNBN	ASK	10	1120	84700
860	2025-12-29 11:02:54	BDMN	BID	1	2430	61800
861	2025-12-29 11:02:54	BDMN	BID	2	2420	108800
862	2025-12-29 11:02:54	BDMN	BID	3	2410	219200
863	2025-12-29 11:02:54	BDMN	BID	4	2400	675100
864	2025-12-29 11:02:54	BDMN	BID	5	2390	139800
865	2025-12-29 11:02:54	BDMN	BID	6	2380	39900
866	2025-12-29 11:02:54	BDMN	BID	7	2370	14600
867	2025-12-29 11:02:54	BDMN	BID	8	2360	36700
868	2025-12-29 11:02:54	BDMN	BID	9	2350	129500
869	2025-12-29 11:02:54	BDMN	BID	10	2340	14000
870	2025-12-29 11:02:54	BDMN	ASK	1	2440	78700
871	2025-12-29 11:02:54	BDMN	ASK	2	2450	32200
872	2025-12-29 11:02:54	BDMN	ASK	3	2460	63700
873	2025-12-29 11:02:54	BDMN	ASK	4	2470	28100
874	2025-12-29 11:02:54	BDMN	ASK	5	2480	68800
875	2025-12-29 11:02:54	BDMN	ASK	6	2490	59300
876	2025-12-29 11:02:54	BDMN	ASK	7	2500	213800
877	2025-12-29 11:02:54	BDMN	ASK	8	2510	2100
878	2025-12-29 11:02:54	BDMN	ASK	9	2520	5600
879	2025-12-29 11:02:54	BDMN	ASK	10	2530	18400
880	2025-12-29 11:02:55	BNGA	BID	1	1735	837900
881	2025-12-29 11:02:55	BNGA	BID	2	1730	269400
882	2025-12-29 11:02:55	BNGA	BID	3	1725	360600
883	2025-12-29 11:02:55	BNGA	BID	4	1720	315600
884	2025-12-29 11:02:55	BNGA	BID	5	1715	240400
885	2025-12-29 11:02:55	BNGA	BID	6	1710	239700
886	2025-12-29 11:02:55	BNGA	BID	7	1705	244300
887	2025-12-29 11:02:55	BNGA	BID	8	1700	480500
888	2025-12-29 11:02:55	BNGA	BID	9	1695	102900
889	2025-12-29 11:02:55	BNGA	BID	10	1690	67900
890	2025-12-29 11:02:55	BNGA	ASK	1	1740	67600
891	2025-12-29 11:02:55	BNGA	ASK	2	1745	124600
892	2025-12-29 11:02:55	BNGA	ASK	3	1750	14400
893	2025-12-29 11:02:55	BNGA	ASK	4	1755	54700
894	2025-12-29 11:02:55	BNGA	ASK	5	1760	72200
895	2025-12-29 11:02:55	BNGA	ASK	6	1765	49900
896	2025-12-29 11:02:55	BNGA	ASK	7	1770	54400
897	2025-12-29 11:02:55	BNGA	ASK	8	1775	50500
898	2025-12-29 11:02:55	BNGA	ASK	9	1780	94500
899	2025-12-29 11:02:55	BNGA	ASK	10	1785	105400
900	2025-12-29 11:02:56	BJBR	BID	1	805	75100
901	2025-12-29 11:02:56	BJBR	BID	2	800	387100
902	2025-12-29 11:02:56	BJBR	BID	3	795	538500
903	2025-12-29 11:02:56	BJBR	BID	4	790	770600
904	2025-12-29 11:02:56	BJBR	BID	5	785	767700
905	2025-12-29 11:02:56	BJBR	BID	6	780	296600
906	2025-12-29 11:02:56	BJBR	BID	7	775	69300
907	2025-12-29 11:02:56	BJBR	BID	8	770	709400
908	2025-12-29 11:02:56	BJBR	BID	9	765	93800
909	2025-12-29 11:02:56	BJBR	BID	10	760	63300
910	2025-12-29 11:02:56	BJBR	ASK	1	810	195000
911	2025-12-29 11:02:56	BJBR	ASK	2	815	704900
912	2025-12-29 11:02:56	BJBR	ASK	3	820	1154900
913	2025-12-29 11:02:56	BJBR	ASK	4	825	622800
914	2025-12-29 11:02:56	BJBR	ASK	5	830	406600
915	2025-12-29 11:02:56	BJBR	ASK	6	835	114700
916	2025-12-29 11:02:56	BJBR	ASK	7	840	85500
917	2025-12-29 11:02:56	BJBR	ASK	8	845	83100
918	2025-12-29 11:02:56	BJBR	ASK	9	850	152500
919	2025-12-29 11:02:56	BJBR	ASK	10	855	95600
920	2025-12-29 11:02:57	BJTM	BID	1	535	5292700
921	2025-12-29 11:02:57	BJTM	BID	2	530	4336500
922	2025-12-29 11:02:57	BJTM	BID	3	525	633900
923	2025-12-29 11:02:57	BJTM	BID	4	520	1032500
924	2025-12-29 11:02:57	BJTM	BID	5	515	658000
925	2025-12-29 11:02:57	BJTM	BID	6	510	1887100
926	2025-12-29 11:02:57	BJTM	BID	7	505	2764000
927	2025-12-29 11:02:57	BJTM	BID	8	500	838500
928	2025-12-29 11:02:57	BJTM	BID	9	498	96000
929	2025-12-29 11:02:57	BJTM	BID	10	496	29000
930	2025-12-29 11:02:57	BJTM	ASK	1	540	1764500
931	2025-12-29 11:02:57	BJTM	ASK	2	545	5588700
932	2025-12-29 11:02:57	BJTM	ASK	3	550	3643700
933	2025-12-29 11:02:57	BJTM	ASK	4	555	340100
934	2025-12-29 11:02:57	BJTM	ASK	5	560	899900
935	2025-12-29 11:02:57	BJTM	ASK	6	565	353900
936	2025-12-29 11:02:57	BJTM	ASK	7	570	401800
937	2025-12-29 11:02:57	BJTM	ASK	8	575	208800
938	2025-12-29 11:02:57	BJTM	ASK	9	580	199500
939	2025-12-29 11:02:57	BJTM	ASK	10	585	195200
940	2025-12-29 11:02:57	BEST	BID	1	108	342400
941	2025-12-29 11:02:57	BEST	BID	2	107	1701500
942	2025-12-29 11:02:57	BEST	BID	3	106	1733500
943	2025-12-29 11:02:57	BEST	BID	4	105	724300
944	2025-12-29 11:02:57	BEST	BID	5	104	848400
945	2025-12-29 11:02:57	BEST	BID	6	103	749600
946	2025-12-29 11:02:57	BEST	BID	7	102	1248900
947	2025-12-29 11:02:57	BEST	BID	8	101	292700
948	2025-12-29 11:02:57	BEST	BID	9	100	1710700
949	2025-12-29 11:02:57	BEST	BID	10	99	37400
950	2025-12-29 11:02:57	BEST	ASK	1	109	124300
951	2025-12-29 11:02:57	BEST	ASK	2	110	536300
952	2025-12-29 11:02:57	BEST	ASK	3	111	443200
953	2025-12-29 11:02:57	BEST	ASK	4	112	2609500
954	2025-12-29 11:02:57	BEST	ASK	5	113	1227000
955	2025-12-29 11:02:57	BEST	ASK	6	114	984800
956	2025-12-29 11:02:57	BEST	ASK	7	115	972400
957	2025-12-29 11:02:57	BEST	ASK	8	116	1141500
958	2025-12-29 11:02:57	BEST	ASK	9	117	1754300
959	2025-12-29 11:02:57	BEST	ASK	10	118	1612100
960	2025-12-29 11:02:58	BSDE	BID	1	910	38000
961	2025-12-29 11:02:58	BSDE	BID	2	905	3274400
962	2025-12-29 11:02:58	BSDE	BID	3	900	9634900
963	2025-12-29 11:02:58	BSDE	BID	4	895	1972000
964	2025-12-29 11:02:58	BSDE	BID	5	890	2474100
965	2025-12-29 11:02:58	BSDE	BID	6	885	663800
966	2025-12-29 11:02:58	BSDE	BID	7	880	738400
967	2025-12-29 11:02:58	BSDE	BID	8	875	252100
968	2025-12-29 11:02:58	BSDE	BID	9	870	61500
969	2025-12-29 11:02:58	BSDE	BID	10	865	19600
970	2025-12-29 11:02:58	BSDE	ASK	1	915	761400
971	2025-12-29 11:02:58	BSDE	ASK	2	920	160400
972	2025-12-29 11:02:58	BSDE	ASK	3	925	150300
973	2025-12-29 11:02:58	BSDE	ASK	4	930	155300
974	2025-12-29 11:02:58	BSDE	ASK	5	935	271200
975	2025-12-29 11:02:58	BSDE	ASK	6	940	272400
976	2025-12-29 11:02:58	BSDE	ASK	7	945	324400
977	2025-12-29 11:02:58	BSDE	ASK	8	950	577300
978	2025-12-29 11:02:58	BSDE	ASK	9	955	360700
979	2025-12-29 11:02:58	BSDE	ASK	10	960	179500
980	2025-12-29 11:02:59	CTRA	BID	1	845	733900
981	2025-12-29 11:02:59	CTRA	BID	2	840	1337700
982	2025-12-29 11:02:59	CTRA	BID	3	835	1155000
983	2025-12-29 11:02:59	CTRA	BID	4	830	1011100
984	2025-12-29 11:02:59	CTRA	BID	5	825	572800
985	2025-12-29 11:02:59	CTRA	BID	6	820	430000
986	2025-12-29 11:02:59	CTRA	BID	7	815	731800
987	2025-12-29 11:02:59	CTRA	BID	8	810	732900
988	2025-12-29 11:02:59	CTRA	BID	9	805	797700
989	2025-12-29 11:02:59	CTRA	BID	10	800	1798100
990	2025-12-29 11:02:59	CTRA	ASK	1	850	858500
991	2025-12-29 11:02:59	CTRA	ASK	2	855	312400
992	2025-12-29 11:02:59	CTRA	ASK	3	860	841500
993	2025-12-29 11:02:59	CTRA	ASK	4	865	744800
994	2025-12-29 11:02:59	CTRA	ASK	5	870	602700
995	2025-12-29 11:02:59	CTRA	ASK	6	875	260600
996	2025-12-29 11:02:59	CTRA	ASK	7	880	1121500
997	2025-12-29 11:02:59	CTRA	ASK	8	885	1054100
998	2025-12-29 11:02:59	CTRA	ASK	9	890	426800
999	2025-12-29 11:02:59	CTRA	ASK	10	895	340500
1000	2025-12-29 11:03:00	PWON	BID	1	342	4930700
1001	2025-12-29 11:03:00	PWON	BID	2	340	13154200
1002	2025-12-29 11:03:00	PWON	BID	3	338	15186900
1003	2025-12-29 11:03:00	PWON	BID	4	336	14622700
1004	2025-12-29 11:03:00	PWON	BID	5	334	3735200
1005	2025-12-29 11:03:00	PWON	BID	6	332	1716500
1006	2025-12-29 11:03:00	PWON	BID	7	330	4501100
1007	2025-12-29 11:03:00	PWON	BID	8	328	856900
1008	2025-12-29 11:03:00	PWON	BID	9	326	211500
1009	2025-12-29 11:03:00	PWON	BID	10	324	406500
1010	2025-12-29 11:03:00	PWON	ASK	1	344	4444200
1011	2025-12-29 11:03:00	PWON	ASK	2	346	4598200
1012	2025-12-29 11:03:00	PWON	ASK	3	348	2422600
1013	2025-12-29 11:03:00	PWON	ASK	4	350	1912300
1014	2025-12-29 11:03:00	PWON	ASK	5	352	1542600
1015	2025-12-29 11:03:00	PWON	ASK	6	354	1530100
1016	2025-12-29 11:03:00	PWON	ASK	7	356	1513700
1017	2025-12-29 11:03:00	PWON	ASK	8	358	878200
1018	2025-12-29 11:03:00	PWON	ASK	9	360	1576100
1019	2025-12-29 11:03:00	PWON	ASK	10	362	564500
1020	2025-12-29 11:03:01	SMRA	BID	1	386	1998100
1021	2025-12-29 11:03:01	SMRA	BID	2	384	2957100
1022	2025-12-29 11:03:01	SMRA	BID	3	382	4111700
1023	2025-12-29 11:03:01	SMRA	BID	4	380	1543600
1024	2025-12-29 11:03:01	SMRA	BID	5	378	1282900
1025	2025-12-29 11:03:01	SMRA	BID	6	376	565100
1026	2025-12-29 11:03:01	SMRA	BID	7	374	455200
1027	2025-12-29 11:03:01	SMRA	BID	8	372	956700
1028	2025-12-29 11:03:01	SMRA	BID	9	370	4684900
1029	2025-12-29 11:03:01	SMRA	BID	10	368	3331600
1030	2025-12-29 11:03:01	SMRA	ASK	1	388	1743400
1031	2025-12-29 11:03:01	SMRA	ASK	2	390	1116700
1032	2025-12-29 11:03:01	SMRA	ASK	3	392	2777700
1033	2025-12-29 11:03:01	SMRA	ASK	4	394	2867200
1034	2025-12-29 11:03:01	SMRA	ASK	5	396	2274200
1035	2025-12-29 11:03:01	SMRA	ASK	6	398	1421700
1036	2025-12-29 11:03:01	SMRA	ASK	7	400	2291000
1037	2025-12-29 11:03:01	SMRA	ASK	8	402	127800
1038	2025-12-29 11:03:01	SMRA	ASK	9	404	482300
1039	2025-12-29 11:03:01	SMRA	ASK	10	406	418900
1040	2025-12-29 11:03:02	ASRI	BID	1	162	2593300
1041	2025-12-29 11:03:02	ASRI	BID	2	161	1477300
1042	2025-12-29 11:03:02	ASRI	BID	3	160	7703300
1043	2025-12-29 11:03:02	ASRI	BID	4	159	596100
1044	2025-12-29 11:03:02	ASRI	BID	5	158	523400
1045	2025-12-29 11:03:02	ASRI	BID	6	157	405100
1046	2025-12-29 11:03:02	ASRI	BID	7	156	257500
1047	2025-12-29 11:03:02	ASRI	BID	8	155	101200
1048	2025-12-29 11:03:02	ASRI	BID	9	154	102900
1049	2025-12-29 11:03:02	ASRI	BID	10	153	261600
1050	2025-12-29 11:03:02	ASRI	ASK	1	163	675300
1051	2025-12-29 11:03:02	ASRI	ASK	2	164	1790500
1052	2025-12-29 11:03:02	ASRI	ASK	3	165	842300
1053	2025-12-29 11:03:02	ASRI	ASK	4	166	924000
1054	2025-12-29 11:03:02	ASRI	ASK	5	167	339000
1055	2025-12-29 11:03:02	ASRI	ASK	6	168	515100
1056	2025-12-29 11:03:02	ASRI	ASK	7	169	1623100
1057	2025-12-29 11:03:02	ASRI	ASK	8	170	769200
1058	2025-12-29 11:03:02	ASRI	ASK	9	171	936300
1059	2025-12-29 11:03:02	ASRI	ASK	10	172	765000
1060	2025-12-29 11:03:04	APLN	BID	1	105	17100
1061	2025-12-29 11:03:04	APLN	BID	2	104	1559400
1062	2025-12-29 11:03:04	APLN	BID	3	103	1411900
1063	2025-12-29 11:03:04	APLN	BID	4	102	785400
1064	2025-12-29 11:03:04	APLN	BID	5	101	621200
1065	2025-12-29 11:03:04	APLN	BID	6	100	1348300
1066	2025-12-29 11:03:04	APLN	BID	7	99	323200
1067	2025-12-29 11:03:04	APLN	BID	8	98	1317700
1068	2025-12-29 11:03:04	APLN	BID	9	97	135200
1069	2025-12-29 11:03:04	APLN	BID	10	96	779100
1070	2025-12-29 11:03:04	APLN	ASK	1	106	704200
1071	2025-12-29 11:03:04	APLN	ASK	2	107	1157600
1072	2025-12-29 11:03:04	APLN	ASK	3	108	2382600
1073	2025-12-29 11:03:04	APLN	ASK	4	109	577800
1074	2025-12-29 11:03:04	APLN	ASK	5	110	1388600
1075	2025-12-29 11:03:04	APLN	ASK	6	111	901700
1076	2025-12-29 11:03:04	APLN	ASK	7	112	1734700
1077	2025-12-29 11:03:04	APLN	ASK	8	113	2548100
1078	2025-12-29 11:03:04	APLN	ASK	9	114	776500
1079	2025-12-29 11:03:04	APLN	ASK	10	115	844900
1080	2025-12-29 11:03:05	LPCK	BID	1	570	2500
1081	2025-12-29 11:03:05	LPCK	BID	2	565	23600
1082	2025-12-29 11:03:05	LPCK	BID	3	560	59800
1083	2025-12-29 11:03:05	LPCK	BID	4	555	167300
1084	2025-12-29 11:03:05	LPCK	BID	5	550	23900
1085	2025-12-29 11:03:05	LPCK	BID	6	545	105600
1086	2025-12-29 11:03:05	LPCK	BID	7	540	120600
1087	2025-12-29 11:03:05	LPCK	BID	8	535	8400
1088	2025-12-29 11:03:05	LPCK	BID	9	530	1100
1089	2025-12-29 11:03:05	LPCK	BID	10	525	3100
1090	2025-12-29 11:03:05	LPCK	ASK	1	580	800
1091	2025-12-29 11:03:05	LPCK	ASK	2	585	77000
1092	2025-12-29 11:03:05	LPCK	ASK	3	590	45300
1093	2025-12-29 11:03:05	LPCK	ASK	4	595	17000
1094	2025-12-29 11:03:05	LPCK	ASK	5	600	86100
1095	2025-12-29 11:03:05	LPCK	ASK	6	605	28800
1096	2025-12-29 11:03:05	LPCK	ASK	7	610	218100
1097	2025-12-29 11:03:05	LPCK	ASK	8	615	10700
1098	2025-12-29 11:03:05	LPCK	ASK	9	620	12800
1099	2025-12-29 11:03:05	LPCK	ASK	10	625	3500
1100	2025-12-29 11:03:07	LPKR	BID	1	83	3609900
1101	2025-12-29 11:03:07	LPKR	BID	2	82	13384300
1102	2025-12-29 11:03:07	LPKR	BID	3	81	8782800
1103	2025-12-29 11:03:07	LPKR	BID	4	80	10876500
1104	2025-12-29 11:03:07	LPKR	BID	5	79	279100
1105	2025-12-29 11:03:07	LPKR	BID	6	78	467400
1106	2025-12-29 11:03:07	LPKR	BID	7	77	177200
1107	2025-12-29 11:03:07	LPKR	BID	8	76	118900
1108	2025-12-29 11:03:07	LPKR	BID	9	75	219000
1109	2025-12-29 11:03:07	LPKR	BID	10	74	146800
1110	2025-12-29 11:03:07	LPKR	ASK	1	84	5203700
1111	2025-12-29 11:03:07	LPKR	ASK	2	85	4425600
1112	2025-12-29 11:03:07	LPKR	ASK	3	86	3396800
1113	2025-12-29 11:03:07	LPKR	ASK	4	87	3074100
1114	2025-12-29 11:03:07	LPKR	ASK	5	88	2426100
1115	2025-12-29 11:03:07	LPKR	ASK	6	89	2815500
1116	2025-12-29 11:03:07	LPKR	ASK	7	90	3448600
1117	2025-12-29 11:03:07	LPKR	ASK	8	91	3288400
1118	2025-12-29 11:03:07	LPKR	ASK	9	92	2203500
1119	2025-12-29 11:03:07	LPKR	ASK	10	93	6655500
1120	2025-12-29 11:03:08	DMAS	BID	1	128	28298800
1121	2025-12-29 11:03:08	DMAS	BID	2	127	14830800
1122	2025-12-29 11:03:08	DMAS	BID	3	126	1483900
1123	2025-12-29 11:03:08	DMAS	BID	4	125	3726500
1124	2025-12-29 11:03:08	DMAS	BID	5	124	421100
1125	2025-12-29 11:03:08	DMAS	BID	6	123	763700
1126	2025-12-29 11:03:08	DMAS	BID	7	122	519700
1127	2025-12-29 11:03:08	DMAS	BID	8	121	370100
1128	2025-12-29 11:03:08	DMAS	BID	9	120	1039100
1129	2025-12-29 11:03:08	DMAS	BID	10	119	41200
1130	2025-12-29 11:03:08	DMAS	ASK	1	129	4761300
1131	2025-12-29 11:03:08	DMAS	ASK	2	130	12045100
1132	2025-12-29 11:03:08	DMAS	ASK	3	131	6410900
1133	2025-12-29 11:03:08	DMAS	ASK	4	132	1913200
1134	2025-12-29 11:03:08	DMAS	ASK	5	133	2894600
1135	2025-12-29 11:03:08	DMAS	ASK	6	134	1564100
1136	2025-12-29 11:03:08	DMAS	ASK	7	135	2977400
1137	2025-12-29 11:03:08	DMAS	ASK	8	136	2215400
1138	2025-12-29 11:03:08	DMAS	ASK	9	137	2462800
1139	2025-12-29 11:03:08	DMAS	ASK	10	138	1550300
1140	2025-12-29 11:03:09	KIJA	BID	1	200	602000
1141	2025-12-29 11:03:09	KIJA	BID	2	199	84000
1142	2025-12-29 11:03:09	KIJA	BID	3	198	457100
1143	2025-12-29 11:03:09	KIJA	BID	4	197	128200
1144	2025-12-29 11:03:09	KIJA	BID	5	196	287600
1145	2025-12-29 11:03:09	KIJA	BID	6	195	1022200
1146	2025-12-29 11:03:09	KIJA	BID	7	194	925600
1147	2025-12-29 11:03:09	KIJA	BID	8	193	81200
1148	2025-12-29 11:03:09	KIJA	BID	9	192	271200
1149	2025-12-29 11:03:09	KIJA	BID	10	191	486000
1150	2025-12-29 11:03:09	KIJA	ASK	1	202	1234500
1151	2025-12-29 11:03:09	KIJA	ASK	2	204	3420900
1152	2025-12-29 11:03:09	KIJA	ASK	3	206	1163200
1153	2025-12-29 11:03:09	KIJA	ASK	4	208	1176000
1154	2025-12-29 11:03:09	KIJA	ASK	5	210	4234700
1155	2025-12-29 11:03:09	KIJA	ASK	6	212	1130500
1156	2025-12-29 11:03:09	KIJA	ASK	7	214	581200
1157	2025-12-29 11:03:09	KIJA	ASK	8	216	1524700
1158	2025-12-29 11:03:09	KIJA	ASK	9	218	719100
1159	2025-12-29 11:03:09	KIJA	ASK	10	220	6241800
1160	2025-12-29 11:03:10	SSIA	BID	1	1655	155900
1161	2025-12-29 11:03:10	SSIA	BID	2	1650	726500
1162	2025-12-29 11:03:10	SSIA	BID	3	1645	159800
1163	2025-12-29 11:03:10	SSIA	BID	4	1640	198800
1164	2025-12-29 11:03:10	SSIA	BID	5	1635	124700
1165	2025-12-29 11:03:10	SSIA	BID	6	1630	163700
1166	2025-12-29 11:03:10	SSIA	BID	7	1625	942800
1167	2025-12-29 11:03:10	SSIA	BID	8	1620	63700
1168	2025-12-29 11:03:10	SSIA	BID	9	1615	100200
1169	2025-12-29 11:03:10	SSIA	BID	10	1610	222600
1170	2025-12-29 11:03:10	SSIA	ASK	1	1660	617300
1171	2025-12-29 11:03:10	SSIA	ASK	2	1665	689100
1172	2025-12-29 11:03:10	SSIA	ASK	3	1670	519600
1173	2025-12-29 11:03:10	SSIA	ASK	4	1675	151000
1174	2025-12-29 11:03:10	SSIA	ASK	5	1680	68900
1175	2025-12-29 11:03:10	SSIA	ASK	6	1685	62900
1176	2025-12-29 11:03:10	SSIA	ASK	7	1690	120000
1177	2025-12-29 11:03:10	SSIA	ASK	8	1695	288400
1178	2025-12-29 11:03:10	SSIA	ASK	9	1700	1071600
1179	2025-12-29 11:03:10	SSIA	ASK	10	1705	62700
1180	2025-12-29 11:03:11	JSMR	BID	1	3380	14900
1181	2025-12-29 11:03:11	JSMR	BID	2	3370	226100
1182	2025-12-29 11:03:11	JSMR	BID	3	3360	388400
1183	2025-12-29 11:03:11	JSMR	BID	4	3350	665500
1184	2025-12-29 11:03:11	JSMR	BID	5	3340	1175500
1185	2025-12-29 11:03:11	JSMR	BID	6	3330	446200
1186	2025-12-29 11:03:11	JSMR	BID	7	3320	116400
1187	2025-12-29 11:03:11	JSMR	BID	8	3310	242700
1188	2025-12-29 11:03:11	JSMR	BID	9	3300	312600
1189	2025-12-29 11:03:11	JSMR	BID	10	3290	109000
1190	2025-12-29 11:03:11	JSMR	ASK	1	3390	64900
1191	2025-12-29 11:03:11	JSMR	ASK	2	3400	59500
1192	2025-12-29 11:03:11	JSMR	ASK	3	3410	19500
1193	2025-12-29 11:03:11	JSMR	ASK	4	3420	25300
1194	2025-12-29 11:03:11	JSMR	ASK	5	3430	44200
1195	2025-12-29 11:03:11	JSMR	ASK	6	3440	17500
1196	2025-12-29 11:03:11	JSMR	ASK	7	3450	192500
1197	2025-12-29 11:03:11	JSMR	ASK	8	3460	544100
1198	2025-12-29 11:03:11	JSMR	ASK	9	3470	98200
1199	2025-12-29 11:03:11	JSMR	ASK	10	3480	61700
1200	2025-12-29 11:03:13	PTPP	BID	1	406	86200
1201	2025-12-29 11:03:13	PTPP	BID	2	404	528800
1202	2025-12-29 11:03:13	PTPP	BID	3	402	1124700
1203	2025-12-29 11:03:13	PTPP	BID	4	400	1746400
1204	2025-12-29 11:03:13	PTPP	BID	5	398	1159200
1205	2025-12-29 11:03:13	PTPP	BID	6	396	1459900
1206	2025-12-29 11:03:13	PTPP	BID	7	394	164300
1207	2025-12-29 11:03:13	PTPP	BID	8	392	244700
1208	2025-12-29 11:03:13	PTPP	BID	9	390	454500
1209	2025-12-29 11:03:13	PTPP	BID	10	388	697700
1210	2025-12-29 11:03:13	PTPP	ASK	1	408	321000
1211	2025-12-29 11:03:13	PTPP	ASK	2	410	363600
1212	2025-12-29 11:03:13	PTPP	ASK	3	412	772200
1213	2025-12-29 11:03:13	PTPP	ASK	4	414	393400
1214	2025-12-29 11:03:13	PTPP	ASK	5	416	487800
1215	2025-12-29 11:03:13	PTPP	ASK	6	418	803700
1216	2025-12-29 11:03:13	PTPP	ASK	7	420	1174900
1217	2025-12-29 11:03:13	PTPP	ASK	8	422	1745400
1218	2025-12-29 11:03:13	PTPP	ASK	9	424	2392900
1219	2025-12-29 11:03:13	PTPP	ASK	10	426	1236900
1220	2025-12-29 11:03:14	ADHI	BID	1	262	1393300
1221	2025-12-29 11:03:14	ADHI	BID	2	260	976400
1222	2025-12-29 11:03:14	ADHI	BID	3	258	1845800
1223	2025-12-29 11:03:14	ADHI	BID	4	256	1742300
1224	2025-12-29 11:03:14	ADHI	BID	5	254	1091000
1225	2025-12-29 11:03:14	ADHI	BID	6	252	2641700
1226	2025-12-29 11:03:14	ADHI	BID	7	250	2524400
1227	2025-12-29 11:03:14	ADHI	BID	8	248	181700
1228	2025-12-29 11:03:14	ADHI	BID	9	246	179300
1229	2025-12-29 11:03:14	ADHI	BID	10	244	120900
1230	2025-12-29 11:03:14	ADHI	ASK	1	264	131700
1231	2025-12-29 11:03:14	ADHI	ASK	2	266	533900
1232	2025-12-29 11:03:14	ADHI	ASK	3	268	1305500
1233	2025-12-29 11:03:14	ADHI	ASK	4	270	2159000
1234	2025-12-29 11:03:14	ADHI	ASK	5	272	839200
1235	2025-12-29 11:03:14	ADHI	ASK	6	274	524700
1236	2025-12-29 11:03:14	ADHI	ASK	7	276	1019800
1237	2025-12-29 11:03:14	ADHI	ASK	8	278	1061200
1238	2025-12-29 11:03:14	ADHI	ASK	9	280	3020000
1239	2025-12-29 11:03:14	ADHI	ASK	10	282	1420700
1240	2025-12-29 11:03:15	WTON	BID	1	100	1268300
1241	2025-12-29 11:03:15	WTON	BID	2	99	1461400
1242	2025-12-29 11:03:15	WTON	BID	3	98	2021300
1243	2025-12-29 11:03:15	WTON	BID	4	97	1725900
1244	2025-12-29 11:03:15	WTON	BID	5	96	1285500
1245	2025-12-29 11:03:15	WTON	BID	6	95	1776100
1246	2025-12-29 11:03:15	WTON	BID	7	94	1214000
1247	2025-12-29 11:03:15	WTON	BID	8	93	293600
1248	2025-12-29 11:03:15	WTON	BID	9	92	283600
1249	2025-12-29 11:03:15	WTON	BID	10	91	223900
1250	2025-12-29 11:03:15	WTON	ASK	1	101	115400
1251	2025-12-29 11:03:15	WTON	ASK	2	102	1344700
1252	2025-12-29 11:03:15	WTON	ASK	3	103	1070400
1253	2025-12-29 11:03:15	WTON	ASK	4	104	1414700
1254	2025-12-29 11:03:15	WTON	ASK	5	105	1127100
1255	2025-12-29 11:03:15	WTON	ASK	6	106	474400
1256	2025-12-29 11:03:15	WTON	ASK	7	107	478200
1257	2025-12-29 11:03:15	WTON	ASK	8	108	326100
1258	2025-12-29 11:03:15	WTON	ASK	9	109	1242700
1259	2025-12-29 11:03:15	WTON	ASK	10	110	989000
1260	2025-12-29 11:03:16	WEGE	BID	1	67	1000300
1261	2025-12-29 11:03:16	WEGE	BID	2	66	6526100
1262	2025-12-29 11:03:16	WEGE	BID	3	65	3753300
1263	2025-12-29 11:03:16	WEGE	BID	4	64	888500
1264	2025-12-29 11:03:16	WEGE	BID	5	63	714700
1265	2025-12-29 11:03:16	WEGE	BID	6	62	764900
1266	2025-12-29 11:03:16	WEGE	BID	7	61	2234800
1267	2025-12-29 11:03:16	WEGE	BID	8	60	533600
1268	2025-12-29 11:03:16	WEGE	BID	9	59	2519000
1269	2025-12-29 11:03:16	WEGE	BID	10	58	2533900
1270	2025-12-29 11:03:16	WEGE	ASK	1	68	2683200
1271	2025-12-29 11:03:16	WEGE	ASK	2	69	1141100
1272	2025-12-29 11:03:16	WEGE	ASK	3	70	2235600
1273	2025-12-29 11:03:16	WEGE	ASK	4	71	1405000
1274	2025-12-29 11:03:16	WEGE	ASK	5	72	899200
1275	2025-12-29 11:03:16	WEGE	ASK	6	73	970200
1276	2025-12-29 11:03:16	WEGE	ASK	7	74	1447900
1277	2025-12-29 11:03:16	WEGE	ASK	8	75	1971300
1278	2025-12-29 11:03:16	WEGE	ASK	9	76	2480200
1279	2025-12-29 11:03:16	WEGE	ASK	10	77	1509400
1280	2025-12-29 11:03:18	ACES	BID	1	410	2030000
1281	2025-12-29 11:03:18	ACES	BID	2	408	2260600
1282	2025-12-29 11:03:18	ACES	BID	3	406	3362600
1283	2025-12-29 11:03:18	ACES	BID	4	404	3222400
1284	2025-12-29 11:03:18	ACES	BID	5	402	2970100
1285	2025-12-29 11:03:18	ACES	BID	6	400	3333300
1286	2025-12-29 11:03:18	ACES	BID	7	398	1375200
1287	2025-12-29 11:03:18	ACES	BID	8	396	199300
1288	2025-12-29 11:03:18	ACES	BID	9	394	682900
1289	2025-12-29 11:03:18	ACES	BID	10	392	1403600
1290	2025-12-29 11:03:18	ACES	ASK	1	412	1094200
1291	2025-12-29 11:03:18	ACES	ASK	2	414	699600
1292	2025-12-29 11:03:18	ACES	ASK	3	416	1464000
1293	2025-12-29 11:03:18	ACES	ASK	4	418	1572200
1294	2025-12-29 11:03:18	ACES	ASK	5	420	1905800
1295	2025-12-29 11:03:18	ACES	ASK	6	422	1161700
1296	2025-12-29 11:03:18	ACES	ASK	7	424	1143000
1297	2025-12-29 11:03:18	ACES	ASK	8	426	524600
1298	2025-12-29 11:03:18	ACES	ASK	9	428	267300
1299	2025-12-29 11:03:18	ACES	ASK	10	430	1093900
1300	2025-12-29 11:03:20	LPPF	BID	1	1680	57000
1301	2025-12-29 11:03:20	LPPF	BID	2	1675	129600
1302	2025-12-29 11:03:20	LPPF	BID	3	1670	162700
1303	2025-12-29 11:03:20	LPPF	BID	4	1665	96100
1304	2025-12-29 11:03:20	LPPF	BID	5	1660	130600
1305	2025-12-29 11:03:20	LPPF	BID	6	1655	61900
1306	2025-12-29 11:03:20	LPPF	BID	7	1650	87200
1307	2025-12-29 11:03:20	LPPF	BID	8	1645	15200
1308	2025-12-29 11:03:20	LPPF	BID	9	1640	47600
1309	2025-12-29 11:03:20	LPPF	BID	10	1635	10600
1310	2025-12-29 11:03:20	LPPF	ASK	1	1685	79000
1311	2025-12-29 11:03:20	LPPF	ASK	2	1690	124400
1312	2025-12-29 11:03:20	LPPF	ASK	3	1695	163000
1313	2025-12-29 11:03:20	LPPF	ASK	4	1700	18900
1314	2025-12-29 11:03:20	LPPF	ASK	5	1705	115200
1315	2025-12-29 11:03:20	LPPF	ASK	6	1710	21900
1316	2025-12-29 11:03:20	LPPF	ASK	7	1715	3400
1317	2025-12-29 11:03:20	LPPF	ASK	8	1720	21300
1318	2025-12-29 11:03:20	LPPF	ASK	9	1725	3600
1319	2025-12-29 11:03:20	LPPF	ASK	10	1730	3500
1320	2025-12-29 11:03:21	MAPI	BID	1	1185	56700
1321	2025-12-29 11:03:21	MAPI	BID	2	1180	543700
1322	2025-12-29 11:03:21	MAPI	BID	3	1175	1522600
1323	2025-12-29 11:03:21	MAPI	BID	4	1170	1172700
1324	2025-12-29 11:03:21	MAPI	BID	5	1165	148400
1325	2025-12-29 11:03:21	MAPI	BID	6	1160	116100
1326	2025-12-29 11:03:21	MAPI	BID	7	1155	136700
1327	2025-12-29 11:03:21	MAPI	BID	8	1150	450600
1328	2025-12-29 11:03:21	MAPI	BID	9	1145	210800
1329	2025-12-29 11:03:21	MAPI	BID	10	1140	122500
1330	2025-12-29 11:03:21	MAPI	ASK	1	1190	1211700
1331	2025-12-29 11:03:21	MAPI	ASK	2	1195	40100
1332	2025-12-29 11:03:21	MAPI	ASK	3	1200	603600
1333	2025-12-29 11:03:21	MAPI	ASK	4	1205	112500
1334	2025-12-29 11:03:21	MAPI	ASK	5	1210	55600
1335	2025-12-29 11:03:21	MAPI	ASK	6	1215	510800
1336	2025-12-29 11:03:21	MAPI	ASK	7	1220	564800
1337	2025-12-29 11:03:21	MAPI	ASK	8	1225	725100
1338	2025-12-29 11:03:21	MAPI	ASK	9	1230	356400
1339	2025-12-29 11:03:21	MAPI	ASK	10	1235	89800
1340	2025-12-29 11:03:24	AMRT	BID	1	1955	276400
1341	2025-12-29 11:03:24	AMRT	BID	2	1950	573900
1342	2025-12-29 11:03:24	AMRT	BID	3	1945	621900
1343	2025-12-29 11:03:24	AMRT	BID	4	1940	129300
1344	2025-12-29 11:03:24	AMRT	BID	5	1935	96600
1345	2025-12-29 11:03:24	AMRT	BID	6	1930	222400
1346	2025-12-29 11:03:24	AMRT	BID	7	1925	1054900
1347	2025-12-29 11:03:24	AMRT	BID	8	1920	1072400
1348	2025-12-29 11:03:24	AMRT	BID	9	1915	23900
1349	2025-12-29 11:03:24	AMRT	BID	10	1910	67700
1350	2025-12-29 11:03:24	AMRT	ASK	1	1960	757700
1351	2025-12-29 11:03:24	AMRT	ASK	2	1965	269700
1352	2025-12-29 11:03:24	AMRT	ASK	3	1970	159100
1353	2025-12-29 11:03:24	AMRT	ASK	4	1975	345900
1354	2025-12-29 11:03:24	AMRT	ASK	5	1980	221100
1355	2025-12-29 11:03:24	AMRT	ASK	6	1985	204700
1356	2025-12-29 11:03:24	AMRT	ASK	7	1990	314300
1357	2025-12-29 11:03:24	AMRT	ASK	8	1995	676100
1358	2025-12-29 11:03:24	AMRT	ASK	9	2000	3442300
1359	2025-12-29 11:03:24	AMRT	ASK	10	2010	438900
1360	2025-12-29 11:03:26	MIDI	BID	1	374	74800
1361	2025-12-29 11:03:26	MIDI	BID	2	372	245500
1362	2025-12-29 11:03:26	MIDI	BID	3	370	240400
1363	2025-12-29 11:03:26	MIDI	BID	4	368	232000
1364	2025-12-29 11:03:26	MIDI	BID	5	366	270300
1365	2025-12-29 11:03:26	MIDI	BID	6	364	80200
1366	2025-12-29 11:03:26	MIDI	BID	7	362	80600
1367	2025-12-29 11:03:26	MIDI	BID	8	360	580100
1368	2025-12-29 11:03:26	MIDI	BID	9	358	43000
1369	2025-12-29 11:03:26	MIDI	BID	10	356	38500
1370	2025-12-29 11:03:26	MIDI	ASK	1	376	178200
1371	2025-12-29 11:03:26	MIDI	ASK	2	378	32200
1372	2025-12-29 11:03:26	MIDI	ASK	3	380	27500
1373	2025-12-29 11:03:26	MIDI	ASK	4	382	213900
1374	2025-12-29 11:03:26	MIDI	ASK	5	384	2141100
1375	2025-12-29 11:03:26	MIDI	ASK	6	386	46700
1376	2025-12-29 11:03:26	MIDI	ASK	7	388	53300
1377	2025-12-29 11:03:26	MIDI	ASK	8	390	146300
1378	2025-12-29 11:03:26	MIDI	ASK	9	392	283300
1379	2025-12-29 11:03:26	MIDI	ASK	10	394	72000
1380	2025-12-29 11:03:27	ERAA	BID	1	406	2040900
1381	2025-12-29 11:03:27	ERAA	BID	2	404	3567700
1382	2025-12-29 11:03:27	ERAA	BID	3	402	3151000
1383	2025-12-29 11:03:27	ERAA	BID	4	400	3921900
1384	2025-12-29 11:03:27	ERAA	BID	5	398	794700
1385	2025-12-29 11:03:27	ERAA	BID	6	396	807400
1386	2025-12-29 11:03:27	ERAA	BID	7	394	318800
1387	2025-12-29 11:03:27	ERAA	BID	8	392	672300
1388	2025-12-29 11:03:27	ERAA	BID	9	390	1941400
1389	2025-12-29 11:03:27	ERAA	BID	10	388	853400
1390	2025-12-29 11:03:27	ERAA	ASK	1	408	456700
1391	2025-12-29 11:03:27	ERAA	ASK	2	410	1780200
1392	2025-12-29 11:03:27	ERAA	ASK	3	412	1110300
1393	2025-12-29 11:03:27	ERAA	ASK	4	414	784300
1394	2025-12-29 11:03:27	ERAA	ASK	5	416	1888400
1395	2025-12-29 11:03:27	ERAA	ASK	6	418	2287500
1396	2025-12-29 11:03:27	ERAA	ASK	7	420	4102600
1397	2025-12-29 11:03:27	ERAA	ASK	8	422	1209000
1398	2025-12-29 11:03:27	ERAA	ASK	9	424	5692000
1399	2025-12-29 11:03:27	ERAA	ASK	10	426	746500
1400	2025-12-29 11:03:28	RALS	BID	1	414	730400
1401	2025-12-29 11:03:28	RALS	BID	2	412	325700
1402	2025-12-29 11:03:28	RALS	BID	3	410	428700
1403	2025-12-29 11:03:28	RALS	BID	4	408	510300
1404	2025-12-29 11:03:28	RALS	BID	5	406	151400
1405	2025-12-29 11:03:28	RALS	BID	6	404	216200
1406	2025-12-29 11:03:28	RALS	BID	7	402	821900
1407	2025-12-29 11:03:28	RALS	BID	8	400	334200
1408	2025-12-29 11:03:28	RALS	BID	9	398	33200
1409	2025-12-29 11:03:28	RALS	BID	10	396	45000
1410	2025-12-29 11:03:28	RALS	ASK	1	416	593700
1411	2025-12-29 11:03:28	RALS	ASK	2	418	155900
1412	2025-12-29 11:03:28	RALS	ASK	3	420	60100
1413	2025-12-29 11:03:28	RALS	ASK	4	422	431900
1414	2025-12-29 11:03:28	RALS	ASK	5	424	29200
1415	2025-12-29 11:03:28	RALS	ASK	6	426	24600
1416	2025-12-29 11:03:28	RALS	ASK	7	428	210800
1417	2025-12-29 11:03:28	RALS	ASK	8	430	97600
1418	2025-12-29 11:03:28	RALS	ASK	9	432	102600
1419	2025-12-29 11:03:28	RALS	ASK	10	434	260500
1420	2025-12-29 11:03:30	SIDO	BID	1	535	1880300
1421	2025-12-29 11:03:30	SIDO	BID	2	530	3476900
1422	2025-12-29 11:03:30	SIDO	BID	3	525	3807300
1423	2025-12-29 11:03:30	SIDO	BID	4	520	2956400
1424	2025-12-29 11:03:30	SIDO	BID	5	515	586100
1425	2025-12-29 11:03:30	SIDO	BID	6	510	1658400
1426	2025-12-29 11:03:30	SIDO	BID	7	505	1354000
1427	2025-12-29 11:03:30	SIDO	BID	8	500	2387700
1428	2025-12-29 11:03:30	SIDO	BID	9	498	127200
1429	2025-12-29 11:03:30	SIDO	BID	10	496	119900
1430	2025-12-29 11:03:30	SIDO	ASK	1	540	2491300
1431	2025-12-29 11:03:30	SIDO	ASK	2	545	2037900
1432	2025-12-29 11:03:30	SIDO	ASK	3	550	2705400
1433	2025-12-29 11:03:30	SIDO	ASK	4	555	2120700
1434	2025-12-29 11:03:30	SIDO	ASK	5	560	716900
1435	2025-12-29 11:03:30	SIDO	ASK	6	565	768900
1436	2025-12-29 11:03:30	SIDO	ASK	7	570	1757900
1437	2025-12-29 11:03:30	SIDO	ASK	8	575	617700
1438	2025-12-29 11:03:30	SIDO	ASK	9	580	3908100
1439	2025-12-29 11:03:30	SIDO	ASK	10	585	2275800
1440	2025-12-29 11:03:31	KAEF	BID	1	505	214200
1441	2025-12-29 11:03:31	KAEF	BID	2	500	295100
1442	2025-12-29 11:03:31	KAEF	BID	3	498	101700
1443	2025-12-29 11:03:31	KAEF	BID	4	496	259100
1444	2025-12-29 11:03:31	KAEF	BID	5	494	26600
1445	2025-12-29 11:03:31	KAEF	BID	6	492	552100
1446	2025-12-29 11:03:31	KAEF	BID	7	490	176200
1447	2025-12-29 11:03:31	KAEF	BID	8	488	1400
1448	2025-12-29 11:03:31	KAEF	BID	9	486	800
1449	2025-12-29 11:03:31	KAEF	BID	10	484	100
1450	2025-12-29 11:03:31	KAEF	ASK	1	510	27900
1451	2025-12-29 11:03:31	KAEF	ASK	2	515	22900
1452	2025-12-29 11:03:31	KAEF	ASK	3	520	166900
1453	2025-12-29 11:03:31	KAEF	ASK	4	525	50300
1454	2025-12-29 11:03:31	KAEF	ASK	5	530	110000
1455	2025-12-29 11:03:31	KAEF	ASK	6	535	35100
1456	2025-12-29 11:03:31	KAEF	ASK	7	540	113000
1457	2025-12-29 11:03:31	KAEF	ASK	8	545	18600
1458	2025-12-29 11:03:31	KAEF	ASK	9	550	236600
1459	2025-12-29 11:03:31	KAEF	ASK	10	555	65600
1460	2025-12-29 11:03:33	IRRA	BID	1	412	5200
1461	2025-12-29 11:03:33	IRRA	BID	2	410	146700
1462	2025-12-29 11:03:33	IRRA	BID	3	408	144100
1463	2025-12-29 11:03:33	IRRA	BID	4	406	102200
1464	2025-12-29 11:03:33	IRRA	BID	5	404	34600
1465	2025-12-29 11:03:33	IRRA	BID	6	402	149100
1466	2025-12-29 11:03:33	IRRA	BID	7	400	124700
1467	2025-12-29 11:03:33	IRRA	BID	8	398	12100
1468	2025-12-29 11:03:33	IRRA	BID	9	396	17500
1469	2025-12-29 11:03:33	IRRA	BID	10	394	12300
1470	2025-12-29 11:03:33	IRRA	ASK	1	414	38000
1471	2025-12-29 11:03:33	IRRA	ASK	2	416	1400
1472	2025-12-29 11:03:33	IRRA	ASK	3	418	4700
1473	2025-12-29 11:03:33	IRRA	ASK	4	420	21800
1474	2025-12-29 11:03:33	IRRA	ASK	5	422	22300
1475	2025-12-29 11:03:33	IRRA	ASK	6	424	32100
1476	2025-12-29 11:03:33	IRRA	ASK	7	426	26300
1477	2025-12-29 11:03:33	IRRA	ASK	8	428	22600
1478	2025-12-29 11:03:33	IRRA	ASK	9	430	25400
1479	2025-12-29 11:03:33	IRRA	ASK	10	432	30900
1480	2025-12-29 11:03:34	SAME	BID	1	360	83200
1481	2025-12-29 11:03:34	SAME	BID	2	358	176900
1482	2025-12-29 11:03:34	SAME	BID	3	356	130400
1483	2025-12-29 11:03:34	SAME	BID	4	354	112000
1484	2025-12-29 11:03:34	SAME	BID	5	352	122000
1485	2025-12-29 11:03:34	SAME	BID	6	350	217200
1486	2025-12-29 11:03:34	SAME	BID	7	348	47100
1487	2025-12-29 11:03:34	SAME	BID	8	346	32900
1488	2025-12-29 11:03:34	SAME	BID	9	344	500000
1489	2025-12-29 11:03:34	SAME	BID	10	342	52800
1490	2025-12-29 11:03:34	SAME	ASK	1	362	38100
1491	2025-12-29 11:03:34	SAME	ASK	2	364	23500
1492	2025-12-29 11:03:34	SAME	ASK	3	366	31500
1493	2025-12-29 11:03:34	SAME	ASK	4	368	55300
1494	2025-12-29 11:03:34	SAME	ASK	5	370	45600
1495	2025-12-29 11:03:34	SAME	ASK	6	372	59100
1496	2025-12-29 11:03:34	SAME	ASK	7	374	51300
1497	2025-12-29 11:03:34	SAME	ASK	8	376	50000
1498	2025-12-29 11:03:34	SAME	ASK	9	378	50000
1499	2025-12-29 11:03:34	SAME	ASK	10	380	24900
1500	2025-12-29 11:03:35	HEAL	BID	1	1375	150500
1501	2025-12-29 11:03:35	HEAL	BID	2	1370	9900
1502	2025-12-29 11:03:35	HEAL	BID	3	1365	94900
1503	2025-12-29 11:03:35	HEAL	BID	4	1360	678300
1504	2025-12-29 11:03:35	HEAL	BID	5	1355	2444600
1505	2025-12-29 11:03:35	HEAL	BID	6	1350	1286400
1506	2025-12-29 11:03:35	HEAL	BID	7	1345	76900
1507	2025-12-29 11:03:35	HEAL	BID	8	1340	20000
1508	2025-12-29 11:03:35	HEAL	BID	9	1335	805900
1509	2025-12-29 11:03:35	HEAL	BID	10	1330	806300
1510	2025-12-29 11:03:35	HEAL	ASK	1	1380	51600
1511	2025-12-29 11:03:35	HEAL	ASK	2	1385	3400
1512	2025-12-29 11:03:35	HEAL	ASK	3	1390	30300
1513	2025-12-29 11:03:35	HEAL	ASK	4	1395	13500
1514	2025-12-29 11:03:35	HEAL	ASK	5	1400	553800
1515	2025-12-29 11:03:35	HEAL	ASK	6	1405	27200
1516	2025-12-29 11:03:35	HEAL	ASK	7	1410	277400
1517	2025-12-29 11:03:35	HEAL	ASK	8	1415	9800
1518	2025-12-29 11:03:35	HEAL	ASK	9	1420	279300
1519	2025-12-29 11:03:35	HEAL	ASK	10	1425	300200
1520	2025-12-29 11:03:35	MIKA	BID	1	2420	31900
1521	2025-12-29 11:03:35	MIKA	BID	2	2410	15200
1522	2025-12-29 11:03:35	MIKA	BID	3	2400	37400
1523	2025-12-29 11:03:35	MIKA	BID	4	2390	85200
1524	2025-12-29 11:03:35	MIKA	BID	5	2380	225600
1525	2025-12-29 11:03:35	MIKA	BID	6	2370	81200
1526	2025-12-29 11:03:35	MIKA	BID	7	2360	126500
1527	2025-12-29 11:03:35	MIKA	BID	8	2350	33400
1528	2025-12-29 11:03:35	MIKA	BID	9	2340	14000
1529	2025-12-29 11:03:35	MIKA	BID	10	2330	7400
1530	2025-12-29 11:03:35	MIKA	ASK	1	2430	8900
1531	2025-12-29 11:03:35	MIKA	ASK	2	2440	15500
1532	2025-12-29 11:03:35	MIKA	ASK	3	2450	28400
1533	2025-12-29 11:03:35	MIKA	ASK	4	2460	56500
1534	2025-12-29 11:03:35	MIKA	ASK	5	2470	110100
1535	2025-12-29 11:03:35	MIKA	ASK	6	2480	78700
1536	2025-12-29 11:03:35	MIKA	ASK	7	2490	21300
1537	2025-12-29 11:03:35	MIKA	ASK	8	2500	113800
1538	2025-12-29 11:03:35	MIKA	ASK	9	2510	45900
1539	2025-12-29 11:03:35	MIKA	ASK	10	2520	83300
1540	2025-12-29 11:03:36	SILO	BID	1	2500	32100
1541	2025-12-29 11:03:36	SILO	BID	2	2490	3700
1542	2025-12-29 11:03:36	SILO	BID	3	2480	500
1543	2025-12-29 11:03:36	SILO	BID	4	2470	900
1544	2025-12-29 11:03:36	SILO	BID	5	2460	5200
1545	2025-12-29 11:03:36	SILO	BID	6	2450	14200
1546	2025-12-29 11:03:36	SILO	BID	7	2440	500
1547	2025-12-29 11:03:36	SILO	BID	8	2430	500
1548	2025-12-29 11:03:36	SILO	BID	9	2420	400
1549	2025-12-29 11:03:36	SILO	BID	10	2400	4200
1550	2025-12-29 11:03:36	SILO	ASK	1	2520	37000
1551	2025-12-29 11:03:36	SILO	ASK	2	2530	2300
1552	2025-12-29 11:03:36	SILO	ASK	3	2540	900
1553	2025-12-29 11:03:36	SILO	ASK	4	2550	23100
1554	2025-12-29 11:03:36	SILO	ASK	5	2560	9100
1555	2025-12-29 11:03:36	SILO	ASK	6	2570	9300
1556	2025-12-29 11:03:36	SILO	ASK	7	2580	10800
1557	2025-12-29 11:03:36	SILO	ASK	8	2590	23700
1558	2025-12-29 11:03:36	SILO	ASK	9	2600	97100
1559	2025-12-29 11:03:36	SILO	ASK	10	2610	8600
1560	2025-12-29 11:03:36	ULTJ	BID	1	1430	44600
1561	2025-12-29 11:03:36	ULTJ	BID	2	1425	190200
1562	2025-12-29 11:03:36	ULTJ	BID	3	1420	137000
1563	2025-12-29 11:03:36	ULTJ	BID	4	1415	36200
1564	2025-12-29 11:03:36	ULTJ	BID	5	1410	53200
1565	2025-12-29 11:03:36	ULTJ	BID	6	1405	18900
1566	2025-12-29 11:03:36	ULTJ	BID	7	1400	393000
1567	2025-12-29 11:03:36	ULTJ	BID	8	1395	165500
1568	2025-12-29 11:03:36	ULTJ	BID	9	1390	42600
1569	2025-12-29 11:03:36	ULTJ	BID	10	1385	11900
1570	2025-12-29 11:03:36	ULTJ	ASK	1	1435	27000
1571	2025-12-29 11:03:36	ULTJ	ASK	2	1440	38600
1572	2025-12-29 11:03:36	ULTJ	ASK	3	1445	34000
1573	2025-12-29 11:03:36	ULTJ	ASK	4	1450	60800
1574	2025-12-29 11:03:36	ULTJ	ASK	5	1455	2500
1575	2025-12-29 11:03:36	ULTJ	ASK	6	1460	13300
1576	2025-12-29 11:03:36	ULTJ	ASK	7	1465	1500
1577	2025-12-29 11:03:36	ULTJ	ASK	8	1470	12900
1578	2025-12-29 11:03:36	ULTJ	ASK	9	1475	83600
1579	2025-12-29 11:03:36	ULTJ	ASK	10	1480	24100
1580	2025-12-29 11:03:37	MYOR	BID	1	2140	234300
1581	2025-12-29 11:03:37	MYOR	BID	2	2130	139400
1582	2025-12-29 11:03:37	MYOR	BID	3	2120	115700
1583	2025-12-29 11:03:37	MYOR	BID	4	2110	249700
1584	2025-12-29 11:03:37	MYOR	BID	5	2100	612400
1585	2025-12-29 11:03:37	MYOR	BID	6	2090	65900
1586	2025-12-29 11:03:37	MYOR	BID	7	2080	77900
1587	2025-12-29 11:03:37	MYOR	BID	8	2070	18100
1588	2025-12-29 11:03:37	MYOR	BID	9	2060	39100
1589	2025-12-29 11:03:37	MYOR	BID	10	2050	143500
1590	2025-12-29 11:03:37	MYOR	ASK	1	2150	44700
1591	2025-12-29 11:03:37	MYOR	ASK	2	2160	33900
1592	2025-12-29 11:03:37	MYOR	ASK	3	2170	40700
1593	2025-12-29 11:03:37	MYOR	ASK	4	2180	55100
1594	2025-12-29 11:03:37	MYOR	ASK	5	2190	27900
1595	2025-12-29 11:03:37	MYOR	ASK	6	2200	147200
1596	2025-12-29 11:03:37	MYOR	ASK	7	2210	29100
1597	2025-12-29 11:03:37	MYOR	ASK	8	2220	23500
1598	2025-12-29 11:03:37	MYOR	ASK	9	2230	28900
1599	2025-12-29 11:03:37	MYOR	ASK	10	2240	131100
1600	2025-12-29 11:03:38	INDF	BID	1	6750	197700
1601	2025-12-29 11:03:38	INDF	BID	2	6725	172900
1602	2025-12-29 11:03:38	INDF	BID	3	6700	1389300
1603	2025-12-29 11:03:38	INDF	BID	4	6675	133100
1604	2025-12-29 11:03:38	INDF	BID	5	6650	107800
1605	2025-12-29 11:03:38	INDF	BID	6	6625	60200
1606	2025-12-29 11:03:38	INDF	BID	7	6600	96900
1607	2025-12-29 11:03:38	INDF	BID	8	6575	63400
1608	2025-12-29 11:03:38	INDF	BID	9	6550	182300
1609	2025-12-29 11:03:38	INDF	BID	10	6525	49100
1610	2025-12-29 11:03:38	INDF	ASK	1	6775	110900
1611	2025-12-29 11:03:38	INDF	ASK	2	6800	74400
1612	2025-12-29 11:03:38	INDF	ASK	3	6825	74100
1613	2025-12-29 11:03:38	INDF	ASK	4	6850	145400
1614	2025-12-29 11:03:38	INDF	ASK	5	6875	165900
1615	2025-12-29 11:03:38	INDF	ASK	6	6900	173000
1616	2025-12-29 11:03:38	INDF	ASK	7	6925	74100
1617	2025-12-29 11:03:38	INDF	ASK	8	6950	238500
1618	2025-12-29 11:03:38	INDF	ASK	9	6975	41100
1619	2025-12-29 11:03:38	INDF	ASK	10	7000	207300
1620	2025-12-29 11:03:38	GOOD	BID	1	362	2400
1621	2025-12-29 11:03:38	GOOD	BID	2	360	2300
1622	2025-12-29 11:03:38	GOOD	BID	3	358	65600
1623	2025-12-29 11:03:38	GOOD	BID	4	356	4100
1624	2025-12-29 11:03:38	GOOD	BID	5	354	1500
1625	2025-12-29 11:03:38	GOOD	BID	6	352	13400
1626	2025-12-29 11:03:38	GOOD	BID	7	350	16300
1627	2025-12-29 11:03:38	GOOD	BID	8	348	505000
1628	2025-12-29 11:03:38	GOOD	BID	9	346	700
1629	2025-12-29 11:03:38	GOOD	BID	10	344	800
1630	2025-12-29 11:03:38	GOOD	ASK	1	364	16100
1631	2025-12-29 11:03:38	GOOD	ASK	2	366	185200
1632	2025-12-29 11:03:38	GOOD	ASK	3	368	102900
1633	2025-12-29 11:03:38	GOOD	ASK	4	370	247900
1634	2025-12-29 11:03:38	GOOD	ASK	5	372	17400
1635	2025-12-29 11:03:38	GOOD	ASK	6	374	1100
1636	2025-12-29 11:03:38	GOOD	ASK	7	376	6300
1637	2025-12-29 11:03:38	GOOD	ASK	8	378	12800
1638	2025-12-29 11:03:38	GOOD	ASK	9	380	19500
1639	2025-12-29 11:03:38	GOOD	ASK	10	382	500
1640	2025-12-29 11:03:39	CLEO	BID	1	462	571000
1641	2025-12-29 11:03:39	CLEO	BID	2	460	778400
1642	2025-12-29 11:03:39	CLEO	BID	3	458	818400
1643	2025-12-29 11:03:39	CLEO	BID	4	456	1075700
1644	2025-12-29 11:03:39	CLEO	BID	5	454	136700
1645	2025-12-29 11:03:39	CLEO	BID	6	452	58300
1646	2025-12-29 11:03:39	CLEO	BID	7	450	236100
1647	2025-12-29 11:03:39	CLEO	BID	8	448	78000
1648	2025-12-29 11:03:39	CLEO	BID	9	446	49000
1649	2025-12-29 11:03:39	CLEO	BID	10	444	23800
1650	2025-12-29 11:03:39	CLEO	ASK	1	466	427700
1651	2025-12-29 11:03:39	CLEO	ASK	2	468	327200
1652	2025-12-29 11:03:39	CLEO	ASK	3	470	141100
1653	2025-12-29 11:03:39	CLEO	ASK	4	472	105300
1654	2025-12-29 11:03:39	CLEO	ASK	5	474	66100
1655	2025-12-29 11:03:39	CLEO	ASK	6	476	22400
1656	2025-12-29 11:03:39	CLEO	ASK	7	478	106000
1657	2025-12-29 11:03:39	CLEO	ASK	8	480	136100
1658	2025-12-29 11:03:39	CLEO	ASK	9	482	47100
1659	2025-12-29 11:03:39	CLEO	ASK	10	484	31700
1660	2025-12-29 11:03:40	HOKI	BID	1	73	11910700
1661	2025-12-29 11:03:40	HOKI	BID	2	72	39800600
1662	2025-12-29 11:03:40	HOKI	BID	3	71	21696200
1663	2025-12-29 11:03:40	HOKI	BID	4	70	10003600
1664	2025-12-29 11:03:40	HOKI	BID	5	69	6172500
1665	2025-12-29 11:03:40	HOKI	BID	6	68	7925300
1666	2025-12-29 11:03:40	HOKI	BID	7	67	1286200
1667	2025-12-29 11:03:40	HOKI	BID	8	66	1268000
1668	2025-12-29 11:03:40	HOKI	BID	9	65	1447400
1669	2025-12-29 11:03:40	HOKI	BID	10	64	1005300
1670	2025-12-29 11:03:40	HOKI	ASK	1	74	8401000
1671	2025-12-29 11:03:40	HOKI	ASK	2	75	3801600
1672	2025-12-29 11:03:40	HOKI	ASK	3	76	7874300
1673	2025-12-29 11:03:40	HOKI	ASK	4	77	11853700
1674	2025-12-29 11:03:40	HOKI	ASK	5	78	4958500
1675	2025-12-29 11:03:40	HOKI	ASK	6	79	10379100
1676	2025-12-29 11:03:40	HOKI	ASK	7	80	9127200
1677	2025-12-29 11:03:40	HOKI	ASK	8	81	4352500
1678	2025-12-29 11:03:40	HOKI	ASK	9	82	3099500
1679	2025-12-29 11:03:40	HOKI	ASK	10	83	2146400
1680	2025-12-29 11:03:40	WOOD	BID	1	348	141000
1681	2025-12-29 11:03:40	WOOD	BID	2	346	118700
1682	2025-12-29 11:03:40	WOOD	BID	3	344	171300
1683	2025-12-29 11:03:40	WOOD	BID	4	342	311200
1684	2025-12-29 11:03:40	WOOD	BID	5	340	1601100
1685	2025-12-29 11:03:40	WOOD	BID	6	338	602600
1686	2025-12-29 11:03:40	WOOD	BID	7	336	87600
1687	2025-12-29 11:03:40	WOOD	BID	8	334	23500
1688	2025-12-29 11:03:40	WOOD	BID	9	332	11600
1689	2025-12-29 11:03:40	WOOD	BID	10	330	200500
1690	2025-12-29 11:03:40	WOOD	ASK	1	350	65200
1691	2025-12-29 11:03:40	WOOD	ASK	2	352	44000
1692	2025-12-29 11:03:40	WOOD	ASK	3	354	43300
1693	2025-12-29 11:03:40	WOOD	ASK	4	358	11400
1694	2025-12-29 11:03:40	WOOD	ASK	5	360	75200
1695	2025-12-29 11:03:40	WOOD	ASK	6	362	33400
1696	2025-12-29 11:03:40	WOOD	ASK	7	364	2000
1697	2025-12-29 11:03:40	WOOD	ASK	8	366	11000
1698	2025-12-29 11:03:40	WOOD	ASK	9	368	20500
1699	2025-12-29 11:03:40	WOOD	ASK	10	370	55100
1700	2025-12-29 11:03:41	HRUM	BID	1	1040	168100
1701	2025-12-29 11:03:41	HRUM	BID	2	1035	470300
1702	2025-12-29 11:03:41	HRUM	BID	3	1030	451900
1703	2025-12-29 11:03:41	HRUM	BID	4	1025	403400
1704	2025-12-29 11:03:41	HRUM	BID	5	1020	458800
1705	2025-12-29 11:03:41	HRUM	BID	6	1015	227400
1706	2025-12-29 11:03:41	HRUM	BID	7	1010	431000
1707	2025-12-29 11:03:41	HRUM	BID	8	1005	160900
1708	2025-12-29 11:03:41	HRUM	BID	9	1000	695200
1709	2025-12-29 11:03:41	HRUM	BID	10	995	824600
1710	2025-12-29 11:03:41	HRUM	ASK	1	1045	200
1711	2025-12-29 11:03:41	HRUM	ASK	2	1050	626600
1712	2025-12-29 11:03:41	HRUM	ASK	3	1055	2501300
1713	2025-12-29 11:03:41	HRUM	ASK	4	1060	163100
1714	2025-12-29 11:03:41	HRUM	ASK	5	1065	626700
1715	2025-12-29 11:03:41	HRUM	ASK	6	1070	1446500
1716	2025-12-29 11:03:41	HRUM	ASK	7	1075	348700
1717	2025-12-29 11:03:41	HRUM	ASK	8	1080	519700
1718	2025-12-29 11:03:41	HRUM	ASK	9	1085	610900
1719	2025-12-29 11:03:41	HRUM	ASK	10	1090	536800
1720	2025-12-29 11:03:42	INDY	BID	1	2260	50700
1721	2025-12-29 11:03:42	INDY	BID	2	2250	163200
1722	2025-12-29 11:03:42	INDY	BID	3	2240	223800
1723	2025-12-29 11:03:42	INDY	BID	4	2230	40300
1724	2025-12-29 11:03:42	INDY	BID	5	2220	244000
1725	2025-12-29 11:03:42	INDY	BID	6	2210	249900
1726	2025-12-29 11:03:42	INDY	BID	7	2200	745300
1727	2025-12-29 11:03:42	INDY	BID	8	2190	241300
1728	2025-12-29 11:03:42	INDY	BID	9	2180	279600
1729	2025-12-29 11:03:42	INDY	BID	10	2170	93900
1730	2025-12-29 11:03:42	INDY	ASK	1	2270	101400
1731	2025-12-29 11:03:42	INDY	ASK	2	2280	156000
1732	2025-12-29 11:03:42	INDY	ASK	3	2290	153400
1733	2025-12-29 11:03:42	INDY	ASK	4	2300	516400
1734	2025-12-29 11:03:42	INDY	ASK	5	2310	285800
1735	2025-12-29 11:03:42	INDY	ASK	6	2320	243400
1736	2025-12-29 11:03:42	INDY	ASK	7	2330	150600
1737	2025-12-29 11:03:42	INDY	ASK	8	2340	237200
1738	2025-12-29 11:03:42	INDY	ASK	9	2350	545200
1739	2025-12-29 11:03:42	INDY	ASK	10	2360	128800
1740	2025-12-29 11:03:42	DOID	BID	1	306	774300
1741	2025-12-29 11:03:42	DOID	BID	2	304	747500
1742	2025-12-29 11:03:42	DOID	BID	3	302	137300
1743	2025-12-29 11:03:42	DOID	BID	4	300	335300
1744	2025-12-29 11:03:42	DOID	BID	5	298	910400
1745	2025-12-29 11:03:42	DOID	BID	6	296	232600
1746	2025-12-29 11:03:42	DOID	BID	7	294	236300
1747	2025-12-29 11:03:42	DOID	BID	8	292	1769000
1748	2025-12-29 11:03:42	DOID	BID	9	290	2558100
1749	2025-12-29 11:03:42	DOID	BID	10	288	43900
1750	2025-12-29 11:03:42	DOID	ASK	1	308	165600
1751	2025-12-29 11:03:42	DOID	ASK	2	310	431700
1752	2025-12-29 11:03:42	DOID	ASK	3	312	658200
1753	2025-12-29 11:03:42	DOID	ASK	4	314	122100
1754	2025-12-29 11:03:42	DOID	ASK	5	316	70500
1755	2025-12-29 11:03:42	DOID	ASK	6	318	171000
1756	2025-12-29 11:03:42	DOID	ASK	7	320	510700
1757	2025-12-29 11:03:42	DOID	ASK	8	322	573400
1758	2025-12-29 11:03:42	DOID	ASK	9	324	357100
1759	2025-12-29 11:03:42	DOID	ASK	10	326	197100
1760	2025-12-29 11:03:43	ELSA	BID	1	490	2688800
1761	2025-12-29 11:03:43	ELSA	BID	2	488	4572600
1762	2025-12-29 11:03:43	ELSA	BID	3	486	3132100
1763	2025-12-29 11:03:43	ELSA	BID	4	484	2673500
1764	2025-12-29 11:03:43	ELSA	BID	5	482	6545700
1765	2025-12-29 11:03:43	ELSA	BID	6	480	1846800
1766	2025-12-29 11:03:43	ELSA	BID	7	478	644800
1767	2025-12-29 11:03:43	ELSA	BID	8	476	531100
1768	2025-12-29 11:03:43	ELSA	BID	9	474	129200
1769	2025-12-29 11:03:43	ELSA	BID	10	472	72600
1770	2025-12-29 11:03:43	ELSA	ASK	1	492	559300
1771	2025-12-29 11:03:43	ELSA	ASK	2	494	388300
1772	2025-12-29 11:03:43	ELSA	ASK	3	496	991000
1773	2025-12-29 11:03:43	ELSA	ASK	4	498	1266500
1774	2025-12-29 11:03:43	ELSA	ASK	5	500	1361200
1775	2025-12-29 11:03:43	ELSA	ASK	6	505	1870600
1776	2025-12-29 11:03:43	ELSA	ASK	7	510	1847700
1777	2025-12-29 11:03:43	ELSA	ASK	8	515	772800
1778	2025-12-29 11:03:43	ELSA	ASK	9	520	932900
1779	2025-12-29 11:03:43	ELSA	ASK	10	525	914500
1780	2025-12-29 11:03:43	RUIS	BID	1	204	49000
1781	2025-12-29 11:03:43	RUIS	BID	2	202	133800
1782	2025-12-29 11:03:43	RUIS	BID	3	200	807700
1783	2025-12-29 11:03:43	RUIS	BID	4	199	77600
1784	2025-12-29 11:03:43	RUIS	BID	5	198	356400
1785	2025-12-29 11:03:43	RUIS	BID	6	197	230700
1786	2025-12-29 11:03:43	RUIS	BID	7	196	182700
1787	2025-12-29 11:03:43	RUIS	BID	8	195	464900
1788	2025-12-29 11:03:43	RUIS	BID	9	194	17200
1789	2025-12-29 11:03:43	RUIS	BID	10	193	120000
1790	2025-12-29 11:03:43	RUIS	ASK	1	206	30000
1791	2025-12-29 11:03:43	RUIS	ASK	2	208	58000
1792	2025-12-29 11:03:43	RUIS	ASK	3	210	273300
1793	2025-12-29 11:03:43	RUIS	ASK	4	212	67500
1794	2025-12-29 11:03:43	RUIS	ASK	5	214	6600
1795	2025-12-29 11:03:43	RUIS	ASK	6	216	50000
1796	2025-12-29 11:03:43	RUIS	ASK	7	218	31800
1797	2025-12-29 11:03:43	RUIS	ASK	8	220	59000
1798	2025-12-29 11:03:43	RUIS	ASK	9	222	71100
1799	2025-12-29 11:03:43	RUIS	ASK	10	224	105600
1800	2025-12-29 11:03:44	KRAS	BID	1	346	16200
1801	2025-12-29 11:03:44	KRAS	BID	2	344	489900
1802	2025-12-29 11:03:44	KRAS	BID	3	342	1432500
1803	2025-12-29 11:03:44	KRAS	BID	4	340	1973200
1804	2025-12-29 11:03:44	KRAS	BID	5	338	203300
1805	2025-12-29 11:03:44	KRAS	BID	6	336	751900
1806	2025-12-29 11:03:44	KRAS	BID	7	334	206600
1807	2025-12-29 11:03:44	KRAS	BID	8	332	960900
1808	2025-12-29 11:03:44	KRAS	BID	9	330	1074300
1809	2025-12-29 11:03:44	KRAS	BID	10	328	2552700
1810	2025-12-29 11:03:44	KRAS	ASK	1	348	149400
1811	2025-12-29 11:03:44	KRAS	ASK	2	350	121200
1812	2025-12-29 11:03:44	KRAS	ASK	3	352	108200
1813	2025-12-29 11:03:44	KRAS	ASK	4	354	223300
1814	2025-12-29 11:03:44	KRAS	ASK	5	356	132100
1815	2025-12-29 11:03:44	KRAS	ASK	6	358	165400
1816	2025-12-29 11:03:44	KRAS	ASK	7	360	576900
1817	2025-12-29 11:03:44	KRAS	ASK	8	362	82500
1818	2025-12-29 11:03:44	KRAS	ASK	9	364	616500
1819	2025-12-29 11:03:44	KRAS	ASK	10	366	515200
1820	2025-12-29 11:03:45	NIKL	BID	1	346	110000
1821	2025-12-29 11:03:45	NIKL	BID	2	344	58800
1822	2025-12-29 11:03:45	NIKL	BID	3	342	12300
1823	2025-12-29 11:03:45	NIKL	BID	4	340	33200
1824	2025-12-29 11:03:45	NIKL	BID	5	338	7000
1825	2025-12-29 11:03:45	NIKL	BID	6	336	180800
1826	2025-12-29 11:03:45	NIKL	BID	7	334	367100
1827	2025-12-29 11:03:45	NIKL	BID	8	332	730900
1828	2025-12-29 11:03:45	NIKL	BID	9	330	48400
1829	2025-12-29 11:03:45	NIKL	BID	10	328	20300
1830	2025-12-29 11:03:45	NIKL	ASK	1	348	81800
1831	2025-12-29 11:03:45	NIKL	ASK	2	350	150000
1832	2025-12-29 11:03:45	NIKL	ASK	3	352	323900
1833	2025-12-29 11:03:45	NIKL	ASK	4	354	127100
1834	2025-12-29 11:03:45	NIKL	ASK	5	356	36400
1835	2025-12-29 11:03:45	NIKL	ASK	6	360	5000
1836	2025-12-29 11:03:45	NIKL	ASK	7	362	16900
1837	2025-12-29 11:03:45	NIKL	ASK	8	364	700
1838	2025-12-29 11:03:45	NIKL	ASK	9	366	19800
1839	2025-12-29 11:03:45	NIKL	ASK	10	368	13600
1840	2025-12-29 11:03:45	SRTG	BID	1	1485	22800
1841	2025-12-29 11:03:45	SRTG	BID	2	1480	297300
1842	2025-12-29 11:03:45	SRTG	BID	3	1475	716900
1843	2025-12-29 11:03:45	SRTG	BID	4	1470	313600
1844	2025-12-29 11:03:45	SRTG	BID	5	1465	177400
1845	2025-12-29 11:03:45	SRTG	BID	6	1460	412600
1846	2025-12-29 11:03:45	SRTG	BID	7	1455	605300
1847	2025-12-29 11:03:45	SRTG	BID	8	1450	1139400
1848	2025-12-29 11:03:45	SRTG	BID	9	1445	47700
1849	2025-12-29 11:03:45	SRTG	BID	10	1440	131700
1850	2025-12-29 11:03:45	SRTG	ASK	1	1490	130300
1851	2025-12-29 11:03:45	SRTG	ASK	2	1495	273500
1852	2025-12-29 11:03:45	SRTG	ASK	3	1500	533700
1853	2025-12-29 11:03:45	SRTG	ASK	4	1505	173900
1854	2025-12-29 11:03:45	SRTG	ASK	5	1510	28800
1855	2025-12-29 11:03:45	SRTG	ASK	6	1515	37100
1856	2025-12-29 11:03:45	SRTG	ASK	7	1520	109800
1857	2025-12-29 11:03:45	SRTG	ASK	8	1525	233000
1858	2025-12-29 11:03:45	SRTG	ASK	9	1530	93400
1859	2025-12-29 11:03:45	SRTG	ASK	10	1535	64100
1860	2025-12-29 11:03:46	SSMS	BID	1	1535	24900
1861	2025-12-29 11:03:46	SSMS	BID	2	1530	16100
1862	2025-12-29 11:03:46	SSMS	BID	3	1525	14000
1863	2025-12-29 11:03:46	SSMS	BID	4	1520	32500
1864	2025-12-29 11:03:46	SSMS	BID	5	1515	22500
1865	2025-12-29 11:03:46	SSMS	BID	6	1510	75700
1866	2025-12-29 11:03:46	SSMS	BID	7	1505	13900
1867	2025-12-29 11:03:46	SSMS	BID	8	1500	705100
1868	2025-12-29 11:03:46	SSMS	BID	9	1495	4800
1869	2025-12-29 11:03:46	SSMS	BID	10	1490	3100
1870	2025-12-29 11:03:46	SSMS	ASK	1	1545	2700
1871	2025-12-29 11:03:46	SSMS	ASK	2	1550	20000
1872	2025-12-29 11:03:46	SSMS	ASK	3	1555	13500
1873	2025-12-29 11:03:46	SSMS	ASK	4	1560	24800
1874	2025-12-29 11:03:46	SSMS	ASK	5	1565	52200
1875	2025-12-29 11:03:46	SSMS	ASK	6	1570	17600
1876	2025-12-29 11:03:46	SSMS	ASK	7	1575	23000
1877	2025-12-29 11:03:46	SSMS	ASK	8	1580	5600
1878	2025-12-29 11:03:46	SSMS	ASK	9	1585	2800
1879	2025-12-29 11:03:46	SSMS	ASK	10	1590	24000
1880	2025-12-29 11:03:47	LSIP	BID	1	1195	355100
1881	2025-12-29 11:03:47	LSIP	BID	2	1190	298400
1882	2025-12-29 11:03:47	LSIP	BID	3	1185	592300
1883	2025-12-29 11:03:47	LSIP	BID	4	1180	407200
1884	2025-12-29 11:03:47	LSIP	BID	5	1175	229400
1885	2025-12-29 11:03:47	LSIP	BID	6	1170	485900
1886	2025-12-29 11:03:47	LSIP	BID	7	1165	613000
1887	2025-12-29 11:03:47	LSIP	BID	8	1160	249400
1888	2025-12-29 11:03:47	LSIP	BID	9	1155	254300
1889	2025-12-29 11:03:47	LSIP	BID	10	1150	217500
1890	2025-12-29 11:03:47	LSIP	ASK	1	1200	256000
1891	2025-12-29 11:03:47	LSIP	ASK	2	1205	34000
1892	2025-12-29 11:03:47	LSIP	ASK	3	1210	163300
1893	2025-12-29 11:03:47	LSIP	ASK	4	1215	113600
1894	2025-12-29 11:03:47	LSIP	ASK	5	1220	100700
1895	2025-12-29 11:03:47	LSIP	ASK	6	1225	221600
1896	2025-12-29 11:03:47	LSIP	ASK	7	1230	307900
1897	2025-12-29 11:03:47	LSIP	ASK	8	1235	151000
1898	2025-12-29 11:03:47	LSIP	ASK	9	1240	170700
1899	2025-12-29 11:03:47	LSIP	ASK	10	1245	72300
1900	2025-12-29 11:03:47	AALI	BID	1	7350	15100
1901	2025-12-29 11:03:47	AALI	BID	2	7325	69400
1902	2025-12-29 11:03:47	AALI	BID	3	7300	85800
1903	2025-12-29 11:03:47	AALI	BID	4	7275	56600
1904	2025-12-29 11:03:47	AALI	BID	5	7250	9300
1905	2025-12-29 11:03:47	AALI	BID	6	7225	41900
1906	2025-12-29 11:03:47	AALI	BID	7	7200	14200
1907	2025-12-29 11:03:47	AALI	BID	8	7175	3000
1908	2025-12-29 11:03:47	AALI	BID	9	7150	19000
1909	2025-12-29 11:03:47	AALI	BID	10	7125	7300
1910	2025-12-29 11:03:47	AALI	ASK	1	7375	11700
1911	2025-12-29 11:03:47	AALI	ASK	2	7400	7900
1912	2025-12-29 11:03:47	AALI	ASK	3	7425	4600
1913	2025-12-29 11:03:47	AALI	ASK	4	7450	4800
1914	2025-12-29 11:03:47	AALI	ASK	5	7475	15800
1915	2025-12-29 11:03:47	AALI	ASK	6	7500	17900
1916	2025-12-29 11:03:47	AALI	ASK	7	7525	35900
1917	2025-12-29 11:03:47	AALI	ASK	8	7550	31900
1918	2025-12-29 11:03:47	AALI	ASK	9	7575	500
1919	2025-12-29 11:03:47	AALI	ASK	10	7600	2000
1920	2025-12-29 11:03:48	TAPG	BID	1	1500	100000
1921	2025-12-29 11:03:48	TAPG	BID	2	1495	151200
1922	2025-12-29 11:03:48	TAPG	BID	3	1490	186100
1923	2025-12-29 11:03:48	TAPG	BID	4	1485	147800
1924	2025-12-29 11:03:48	TAPG	BID	5	1480	325100
1925	2025-12-29 11:03:48	TAPG	BID	6	1475	107700
1926	2025-12-29 11:03:48	TAPG	BID	7	1470	13200
1927	2025-12-29 11:03:48	TAPG	BID	8	1465	14900
1928	2025-12-29 11:03:48	TAPG	BID	9	1460	26400
1929	2025-12-29 11:03:48	TAPG	BID	10	1455	21200
1930	2025-12-29 11:03:48	TAPG	ASK	1	1505	209400
1931	2025-12-29 11:03:48	TAPG	ASK	2	1510	122700
1932	2025-12-29 11:03:48	TAPG	ASK	3	1515	147600
1933	2025-12-29 11:03:48	TAPG	ASK	4	1520	144200
1934	2025-12-29 11:03:48	TAPG	ASK	5	1525	281900
1935	2025-12-29 11:03:48	TAPG	ASK	6	1530	34600
1936	2025-12-29 11:03:48	TAPG	ASK	7	1535	58900
1937	2025-12-29 11:03:48	TAPG	ASK	8	1540	57600
1938	2025-12-29 11:03:48	TAPG	ASK	9	1545	34900
1939	2025-12-29 11:03:48	TAPG	ASK	10	1550	210700
1940	2025-12-29 11:03:48	DSNG	BID	1	1520	61600
1941	2025-12-29 11:03:48	DSNG	BID	2	1515	234300
1942	2025-12-29 11:03:48	DSNG	BID	3	1510	512500
1943	2025-12-29 11:03:48	DSNG	BID	4	1505	14700
1944	2025-12-29 11:03:48	DSNG	BID	5	1500	228200
1945	2025-12-29 11:03:48	DSNG	BID	6	1495	8500
1946	2025-12-29 11:03:48	DSNG	BID	7	1490	12500
1947	2025-12-29 11:03:48	DSNG	BID	8	1485	15900
1948	2025-12-29 11:03:48	DSNG	BID	9	1480	37200
1949	2025-12-29 11:03:48	DSNG	BID	10	1475	15400
1950	2025-12-29 11:03:48	DSNG	ASK	1	1525	35500
1951	2025-12-29 11:03:48	DSNG	ASK	2	1530	73000
1952	2025-12-29 11:03:48	DSNG	ASK	3	1535	63300
1953	2025-12-29 11:03:48	DSNG	ASK	4	1540	104800
1954	2025-12-29 11:03:48	DSNG	ASK	5	1545	8900
1955	2025-12-29 11:03:48	DSNG	ASK	6	1550	25400
1956	2025-12-29 11:03:48	DSNG	ASK	7	1555	7500
1957	2025-12-29 11:03:48	DSNG	ASK	8	1560	9200
1958	2025-12-29 11:03:48	DSNG	ASK	9	1565	65300
1959	2025-12-29 11:03:48	DSNG	ASK	10	1570	76700
1960	2025-12-29 11:03:49	BWPT	BID	1	143	493400
1961	2025-12-29 11:03:49	BWPT	BID	2	142	1021200
1962	2025-12-29 11:03:49	BWPT	BID	3	141	1601300
1963	2025-12-29 11:03:49	BWPT	BID	4	140	5026100
1964	2025-12-29 11:03:49	BWPT	BID	5	139	3497200
1965	2025-12-29 11:03:49	BWPT	BID	6	138	14094400
1966	2025-12-29 11:03:49	BWPT	BID	7	137	1781700
1967	2025-12-29 11:03:49	BWPT	BID	8	136	890100
1968	2025-12-29 11:03:49	BWPT	BID	9	135	4518900
1969	2025-12-29 11:03:49	BWPT	BID	10	134	2467000
1970	2025-12-29 11:03:49	BWPT	ASK	1	144	858700
1971	2025-12-29 11:03:49	BWPT	ASK	2	145	1806000
1972	2025-12-29 11:03:49	BWPT	ASK	3	146	2178300
1973	2025-12-29 11:03:49	BWPT	ASK	4	147	3162500
1974	2025-12-29 11:03:49	BWPT	ASK	5	148	3431800
1975	2025-12-29 11:03:49	BWPT	ASK	6	149	4001200
1976	2025-12-29 11:03:49	BWPT	ASK	7	150	4472000
1977	2025-12-29 11:03:49	BWPT	ASK	8	151	1496400
1978	2025-12-29 11:03:49	BWPT	ASK	9	152	1995900
1979	2025-12-29 11:03:49	BWPT	ASK	10	153	1067800
1980	2025-12-29 11:03:49	GGRM	BID	1	12925	14000
1981	2025-12-29 11:03:49	GGRM	BID	2	12900	7700
1982	2025-12-29 11:03:49	GGRM	BID	3	12875	6400
1983	2025-12-29 11:03:49	GGRM	BID	4	12850	11200
1984	2025-12-29 11:03:49	GGRM	BID	5	12825	6200
1985	2025-12-29 11:03:49	GGRM	BID	6	12800	2600
1986	2025-12-29 11:03:49	GGRM	BID	7	12775	400
1987	2025-12-29 11:03:49	GGRM	BID	8	12750	8600
1988	2025-12-29 11:03:49	GGRM	BID	9	12700	6100
1989	2025-12-29 11:03:49	GGRM	BID	10	12675	2300
1990	2025-12-29 11:03:49	GGRM	ASK	1	12975	1900
1991	2025-12-29 11:03:49	GGRM	ASK	2	13000	84700
1992	2025-12-29 11:03:49	GGRM	ASK	3	13025	700
1993	2025-12-29 11:03:49	GGRM	ASK	4	13050	13500
1994	2025-12-29 11:03:49	GGRM	ASK	5	13075	26300
1995	2025-12-29 11:03:49	GGRM	ASK	6	13100	31800
1996	2025-12-29 11:03:49	GGRM	ASK	7	13125	2500
1997	2025-12-29 11:03:49	GGRM	ASK	8	13150	27100
1998	2025-12-29 11:03:49	GGRM	ASK	9	13175	5600
1999	2025-12-29 11:03:49	GGRM	ASK	10	13200	12000
2000	2025-12-29 11:03:50	HMSP	BID	1	720	715700
2001	2025-12-29 11:03:50	HMSP	BID	2	715	1346100
2002	2025-12-29 11:03:50	HMSP	BID	3	710	1851700
2003	2025-12-29 11:03:50	HMSP	BID	4	705	1898900
2004	2025-12-29 11:03:50	HMSP	BID	5	700	5561900
2005	2025-12-29 11:03:50	HMSP	BID	6	695	746900
2006	2025-12-29 11:03:50	HMSP	BID	7	690	422100
2007	2025-12-29 11:03:50	HMSP	BID	8	685	446100
2008	2025-12-29 11:03:50	HMSP	BID	9	680	874000
2009	2025-12-29 11:03:50	HMSP	BID	10	675	374300
2010	2025-12-29 11:03:50	HMSP	ASK	1	725	1659900
2011	2025-12-29 11:03:50	HMSP	ASK	2	730	1082500
2012	2025-12-29 11:03:50	HMSP	ASK	3	735	747100
2013	2025-12-29 11:03:50	HMSP	ASK	4	740	784300
2014	2025-12-29 11:03:50	HMSP	ASK	5	745	369000
2015	2025-12-29 11:03:50	HMSP	ASK	6	750	801700
2016	2025-12-29 11:03:50	HMSP	ASK	7	755	285300
2017	2025-12-29 11:03:50	HMSP	ASK	8	760	1691100
2018	2025-12-29 11:03:50	HMSP	ASK	9	765	805100
2019	2025-12-29 11:03:50	HMSP	ASK	10	770	609000
2020	2025-12-29 11:03:51	WIIM	BID	1	1595	33600
2021	2025-12-29 11:03:51	WIIM	BID	2	1590	2800
2022	2025-12-29 11:03:51	WIIM	BID	3	1585	12400
2023	2025-12-29 11:03:51	WIIM	BID	4	1580	44100
2024	2025-12-29 11:03:51	WIIM	BID	5	1575	29200
2025	2025-12-29 11:03:51	WIIM	BID	6	1570	57400
2026	2025-12-29 11:03:51	WIIM	BID	7	1565	16100
2027	2025-12-29 11:03:51	WIIM	BID	8	1560	62700
2028	2025-12-29 11:03:51	WIIM	BID	9	1555	3900
2029	2025-12-29 11:03:51	WIIM	BID	10	1550	56800
2030	2025-12-29 11:03:51	WIIM	ASK	1	1600	106800
2031	2025-12-29 11:03:51	WIIM	ASK	2	1605	38100
2032	2025-12-29 11:03:51	WIIM	ASK	3	1610	9300
2033	2025-12-29 11:03:51	WIIM	ASK	4	1615	79600
2034	2025-12-29 11:03:51	WIIM	ASK	5	1620	42800
2035	2025-12-29 11:03:51	WIIM	ASK	6	1625	73000
2036	2025-12-29 11:03:51	WIIM	ASK	7	1630	12400
2037	2025-12-29 11:03:51	WIIM	ASK	8	1635	73300
2038	2025-12-29 11:03:51	WIIM	ASK	9	1640	38200
2039	2025-12-29 11:03:51	WIIM	ASK	10	1645	58800
2040	2025-12-29 11:03:51	AUTO	BID	1	2680	51600
2041	2025-12-29 11:03:51	AUTO	BID	2	2670	48900
2042	2025-12-29 11:03:51	AUTO	BID	3	2660	17100
2043	2025-12-29 11:03:51	AUTO	BID	4	2650	11900
2044	2025-12-29 11:03:51	AUTO	BID	5	2640	2500
2045	2025-12-29 11:03:51	AUTO	BID	6	2630	5700
2046	2025-12-29 11:03:51	AUTO	BID	7	2620	4100
2047	2025-12-29 11:03:51	AUTO	BID	8	2610	25000
2048	2025-12-29 11:03:51	AUTO	BID	9	2600	126300
2049	2025-12-29 11:03:51	AUTO	BID	10	2590	21000
2050	2025-12-29 11:03:51	AUTO	ASK	1	2690	80800
2051	2025-12-29 11:03:51	AUTO	ASK	2	2700	214800
2052	2025-12-29 11:03:51	AUTO	ASK	3	2710	115200
2053	2025-12-29 11:03:51	AUTO	ASK	4	2720	53900
2054	2025-12-29 11:03:51	AUTO	ASK	5	2730	47800
2055	2025-12-29 11:03:51	AUTO	ASK	6	2740	36300
2056	2025-12-29 11:03:51	AUTO	ASK	7	2750	169600
2057	2025-12-29 11:03:51	AUTO	ASK	8	2760	62100
2058	2025-12-29 11:03:51	AUTO	ASK	9	2770	30300
2059	2025-12-29 11:03:51	AUTO	ASK	10	2780	78400
2060	2025-12-29 11:03:52	GJTL	BID	1	1050	325400
2061	2025-12-29 11:03:52	GJTL	BID	2	1045	133600
2062	2025-12-29 11:03:52	GJTL	BID	3	1040	432200
2063	2025-12-29 11:03:52	GJTL	BID	4	1035	502800
2064	2025-12-29 11:03:52	GJTL	BID	5	1030	569900
2065	2025-12-29 11:03:52	GJTL	BID	6	1025	232900
2066	2025-12-29 11:03:52	GJTL	BID	7	1020	43600
2067	2025-12-29 11:03:52	GJTL	BID	8	1015	66500
2068	2025-12-29 11:03:52	GJTL	BID	9	1010	89600
2069	2025-12-29 11:03:52	GJTL	BID	10	1005	36600
2070	2025-12-29 11:03:52	GJTL	ASK	1	1055	198000
2071	2025-12-29 11:03:52	GJTL	ASK	2	1060	426900
2072	2025-12-29 11:03:52	GJTL	ASK	3	1065	235500
2073	2025-12-29 11:03:52	GJTL	ASK	4	1070	40800
2074	2025-12-29 11:03:52	GJTL	ASK	5	1075	217100
2075	2025-12-29 11:03:52	GJTL	ASK	6	1080	99500
2076	2025-12-29 11:03:52	GJTL	ASK	7	1085	55700
2077	2025-12-29 11:03:52	GJTL	ASK	8	1090	231600
2078	2025-12-29 11:03:52	GJTL	ASK	9	1095	120000
2079	2025-12-29 11:03:52	GJTL	ASK	10	1100	919400
2080	2025-12-29 11:03:53	IMAS	BID	1	1155	3600
2081	2025-12-29 11:03:53	IMAS	BID	2	1150	11400
2082	2025-12-29 11:03:53	IMAS	BID	3	1145	5000
2083	2025-12-29 11:03:53	IMAS	BID	4	1140	2400
2084	2025-12-29 11:03:53	IMAS	BID	5	1130	1000
2085	2025-12-29 11:03:53	IMAS	BID	6	1125	2900
2086	2025-12-29 11:03:53	IMAS	BID	7	1120	12100
2087	2025-12-29 11:03:53	IMAS	BID	8	1115	1600
2088	2025-12-29 11:03:53	IMAS	BID	9	1110	1200
2089	2025-12-29 11:03:53	IMAS	BID	10	1105	1200
2090	2025-12-29 11:03:53	IMAS	ASK	1	1160	2700
2091	2025-12-29 11:03:53	IMAS	ASK	2	1165	3400
2092	2025-12-29 11:03:53	IMAS	ASK	3	1170	3300
2093	2025-12-29 11:03:53	IMAS	ASK	4	1175	10800
2094	2025-12-29 11:03:53	IMAS	ASK	5	1180	33100
2095	2025-12-29 11:03:53	IMAS	ASK	6	1185	11000
2096	2025-12-29 11:03:53	IMAS	ASK	7	1190	30300
2097	2025-12-29 11:03:53	IMAS	ASK	8	1195	11100
2098	2025-12-29 11:03:53	IMAS	ASK	9	1200	21300
2099	2025-12-29 11:03:53	IMAS	ASK	10	1210	10700
2100	2025-12-29 11:03:53	MPMX	BID	1	960	68800
2101	2025-12-29 11:03:53	MPMX	BID	2	955	468700
2102	2025-12-29 11:03:53	MPMX	BID	3	950	1145500
2103	2025-12-29 11:03:53	MPMX	BID	4	945	948800
2104	2025-12-29 11:03:53	MPMX	BID	5	940	1199800
2105	2025-12-29 11:03:53	MPMX	BID	6	935	73800
2106	2025-12-29 11:03:53	MPMX	BID	7	930	384400
2107	2025-12-29 11:03:53	MPMX	BID	8	925	733400
2108	2025-12-29 11:03:53	MPMX	BID	9	920	539600
2109	2025-12-29 11:03:53	MPMX	BID	10	915	94300
2110	2025-12-29 11:03:53	MPMX	ASK	1	965	517400
2111	2025-12-29 11:03:53	MPMX	ASK	2	970	740100
2112	2025-12-29 11:03:53	MPMX	ASK	3	975	479200
2113	2025-12-29 11:03:53	MPMX	ASK	4	980	356400
2114	2025-12-29 11:03:53	MPMX	ASK	5	985	137900
2115	2025-12-29 11:03:53	MPMX	ASK	6	990	196400
2116	2025-12-29 11:03:53	MPMX	ASK	7	995	142900
2117	2025-12-29 11:03:53	MPMX	ASK	8	1000	364000
2118	2025-12-29 11:03:53	MPMX	ASK	9	1005	31600
2119	2025-12-29 11:03:53	MPMX	ASK	10	1010	60900
2120	2025-12-29 11:03:54	ASGR	BID	1	1175	13700
2121	2025-12-29 11:03:54	ASGR	BID	2	1170	11200
2122	2025-12-29 11:03:54	ASGR	BID	3	1165	42600
2123	2025-12-29 11:03:54	ASGR	BID	4	1160	38500
2124	2025-12-29 11:03:54	ASGR	BID	5	1155	1400
2125	2025-12-29 11:03:54	ASGR	BID	6	1150	14800
2126	2025-12-29 11:03:54	ASGR	BID	7	1145	6400
